@Book{LEDAbook, 
 author
         =
           "K. Mehlhorn and S. N\"aher", 
 title
         =
           "LEDA -- A platform for combnatorial and geometric  computing", 
 publisher
         =
           "Cambridge University Press", 
 
 year
         =
           "1999", 

}         

