@TechReport{k-peasv-04,
  author = 	 {M. I. Karavelas},
  title = 	 {A practical and efficient algorithm for the segment
  Voronoi diagram},
  institution =  {University of Notre Dame},
  year = 	 {2004},
  OPTkey = 	 {},
  OPTtype = 	 {},
  OPTnumber = 	 {},
  OPTaddress = 	 {},
  OPTmonth = 	 {},
  OPTnote = 	 {},
  OPTannote = 	 {}
}

