%======================================================
% == SUBDIVISION ======================================
%======================================================

@book{Warren:subdivision,
    author = "Joe Warren and Henrik Weimer",
    title = "Subdivision Methods for Geometric Design",
    publisher = "Morgan Kaufmann",
    year = "2002",
}

@Article{qts,
  author =       "Jos Stam and Charles Loop",
  title =        "Quad\slash Triangle Subdivision",
  journal =      "Com{\-}pu{\-}ter Graphics Forum",
  volume =       "22",
  number =       "1",
  pages =        "79--85",
  month =        mar,
  year =         "2003"}

@article{l-pg-03,
  author   = "Adi Levin",
  title    = "Polynomial Generation and Quasi-Interpolation
              in Stationary Non-Uniform Subdivision",
  journal  = "Compu. Aided Geom. Des.",
  pages    = "41-60",
  year     = 2003,
  volume   = "20(1)"}

@inproceedings{sqrt3,
  author    = {L. Kobbelt},
  title     = {$\sqrt{3}$-{S}ubdivision},
  booktitle = {Proc. of SIGGRAPH '00},
  pages     = {103-112},
}

@InProceedings{loop,
  author =       "Charles Loop",
  booktitle =    "Proc. of SIGGRAPH '94",
  title =        "Smooth Spline Surfaces over Irregular Meshes",
  pages =        "303--310",
}


@Article{ds,
  author =       "D. Doo and M. Sabin",
  title =        "Behaviour of Recursive Division Surfaces Near
                 Extraordinary Points",
  year =         "1978",
  month =        sep,
  journal =      "Computer-Aided Design",
  volume =       "10",
  pages =        "356--360"}

@Article{cc,
  author =       "E. Catmull and J. Clark",
  title =        "Recursively Generated {B}-Spline Surfaces on Arbitrary
                 Topological Meshes",
  year =         "1978",
  month =        sep,
  journal =      "Computer-Aided Design",
  volume =       "10",
  pages =        "350--355"}

@proceedings{Sub:course:2000,
    editor = {Denis Zorin and Peter Schr{\"o}der},
    title = "Subdivision for Modeling and Animation",
    series = "Course Notes",
    year = 2000,
    publisher = "ACM SIGGRAPH",
}


