@manual{ cln
,title        = {{CLN}, The Class Library for Numbers}
,author       = {Haible, B.}
,edition      = {1.0.2}
,month        = {September}
,year         = {1999}
,note         = {\path|http://clisp.cons.org/~haible/packages-cln.html|}
,update       = "99.06 pion"
}
