@TechReport{ke-ppawv-02,
  author = 	 {Menelaos I. Karavelas and Ioannis Z. Emiris},
  title = 	 {Predicates for the Planar Additively Weighted {V}oronoi Diagram},
  institution =  {INRIA Sophia-Antipolis},
  year = 	 {2002},
  type = 	 {Technical Report},
  number = 	 {ECG-TR-122201-01},
  address = 	 {Sophia-Antipolis},
  month = 	 {May},
  url =          {ftp://ftp-sop.inria.fr/prisme/ECG/Reports/Month12/ECG-TR-122201-01.ps.gz}
}

