% cgal.bib

@inproceedings{ k-s-00,
    author       = {Leif Kobbelt},
    title        = {$\sqrt{3}$-Subdivision},
    booktitle    = "Computer Graphics (Proc. SIGGRAPH '00)",
    volume       = 34,
    year         = 2000,
    pages        = {103--112},
    signature    = {eigene Ablage}
}

@manual{ p-gmgv15-94
    ,title        = {Geomview Manual: Geomview Version 1.5 for Silicon
                     Graphics Workstations}
    ,author       = {Mark Phillips}
    ,organization = {The Geometry Center}
    ,address      = {University of Minnesota}
    ,month        = oct
    ,year         = 1994
    ,note         = {\path|http://www.geom.umn.edu/software/download/geomview.html|}
    ,annote       = {Reference for object file format (OFF).}
    ,update       = "97.04 kettner"
}

@book{ w-impoo-94
    ,author       = {Josie Wernicke}
    ,title        = {The Inventor Mentor: Programming Object-Oriented
                     3D Graphics with Open Inventor, Release 2}
    ,publisher    = {Addison-Wesley}
    ,year         = 1994
    ,update       = "97.04 kettner"
}

@misc{ bpp-vrml-95
    ,author       = {Gavin Bell and Anthony Parisi and Mark Pesce}
    ,title        = {{VRML} The Virtual Reality Modeling Language:
                     Version 1.0 Specification}
    ,howpublished = {\path|http://www.vrml.org/|}
    ,month        = {May 26}
    ,year         = 1995
    ,note         = {Third Draft}
    ,update       = "97.04 kettner"
}

@misc{ vrmls-96
    ,key          = {VRML2}
    ,title        = {The Virtual Reality Modeling Language Specification:
                    Version 2.0, {ISO}/{IEC} {CD} 14772}
    ,howpublished = {\path|http://www.vrml.org/|}
    ,month        = {August 4}
    ,year         = 1996
    ,update       = "98.01 kettner"
}

@book{ hw-vrml2h-96
    ,author       = {Jed Hartman and Josie Wernecke}
    ,title        = {The {VRML} 2.0 Handbook: Building Moving Worlds on the 
                    Web}
    ,publisher    = {Addison-Wesley}
    ,year         = 1996
    ,annote       = {The VRML 2.0 Introduction and Reference by 
                     Silicon Graphics.}
    ,update       = "98.02 kettner"
}
