@book{ ms-strg-96
    ,author       = {David R. Musser and Atul Saini}
    ,title        = {{STL} Tutorial and Reference Guide:
                    {C++}~Programming with the Standard Template
                     Library}
    ,publisher    = addison
    ,year         = 1996
    ,annote       = {recommended C++ reading.}
    ,update       = "97.04 kettner"
}
