@article{dma-ipsm-02,
  author  = "Mathieu Desbrun and Mark Meyer and Pierre Alliez",
  title   = "Intrinsic Parameterizations of Surface Meshes",
  journal = "Com{\-}pu{\-}ter Graphics Forum",
  volume  = "21",
  number  = "3",
  pages   = "209--218",
  month   = sep,
  year    = "2002"}

@article{f-mvc-03,
  author  = "Michael Floater",
  title   = "Mean Value Coordinates",
  journal = "Computer Aided Design",
  volume  = "20",
  number  = "1",
  pages   = "19--27",
  year    = "2003"}

@InCollection{fh-survey-05,
  author    = {M. S. Floater and K. Hormann},
  title     = {Surface Parameterization: a Tutorial and Survey},
  booktitle = {Advances in Multiresolution for Geometric Modelling},
  pages     = {157-186},
  publisher = {Springer},
  year      = 2005,
  editor    = {N. A. Dodgson and M. S. Floater and M. A. Sabin},
  series    = {Mathematics and Visualization},
  address   = {Berlin, Heidelberg}}

@InProceedings{lprm-lscm-02,
  author    = {Bruno L{\'e}vy and Sylvain Petitjean and Nicolas Ray
               and J{\'e}rome Maillot},
  title     = {Least Squares Conformal Maps for Automatic Texture
               Atlas Generation},
  pages     = {362--371},
  ISSN      = {0730-0301},
  booktitle = {Proceedings of the 29th Conference on Computer
               Graphics and Interactive Techniques SIGGRAPH},
  series    = {ACM Transactions on Graphics},
  volume    = {21(3)},
  year      = {2002}}