


%
%
%
% automatically generated
% % /proj/epidaure/home/bin/bibtex2html ../../../Manual/doc_tex/Manual/manual.bib
% Date: Wed May 17 14:47:29 2006

% Author: teillaud
%
%
%










@MANUAL{cgal:eb-06,
   TITLE        = {CGAL-3.2 User and Reference Manual},
   AUTHOR       = {CGAL Editorial Board},
   YEAR         = {2006},
   URL          = {http://www.cgal.org/Manual/3.2/doc_html/cgal_manual/index.html}
}

@INCOLLECTION{cgal:bfghhkps-k23-06,
   AUTHOR       = {Hervé Brönnimann and Andreas Fabri and 
      Geert-Jan Giezeman and Susan Hert and Michael Hoffmann and 
      Lutz Kettner and Stefan Schirra and Sylvain Pion},
   BOOKTITLE    = {CGAL-3.2 User and Reference Manual},
   PUBLISHER    = {},
   TITLE        = {2D and 3D Kernel},
   YEAR         = {2006},
   EDITOR       = {CGAL Editorial Board},
   URL          = {http://www.cgal.org/Manual/3.2/doc_html/cgal_manual/pkgdescription.html#Pkg:Kernel23}
}

@INCOLLECTION{cgal:pt-cc2-06,
   AUTHOR       = {Sylvain Pion and Monique Teillaud},
   BOOKTITLE    = {CGAL-3.2 User and Reference Manual},
   PUBLISHER    = {},
   TITLE        = {2D Circular Kernel},
   YEAR         = {2006},
   EDITOR       = {CGAL Editorial Board},
   URL          = {http://www.cgal.org/Manual/3.2/doc_html/cgal_manual/pkgdescription.html#Pkg:CircularKernel2}
}

@INCOLLECTION{cgal:hs-chep2-06,
   AUTHOR       = {Susan Hert and Stefan Schirra},
   BOOKTITLE    = {CGAL-3.2 User and Reference Manual},
   PUBLISHER    = {},
   TITLE        = {2D Convex Hulls and Extreme Points},
   YEAR         = {2006},
   EDITOR       = {CGAL Editorial Board},
   URL          = {http://www.cgal.org/Manual/3.2/doc_html/cgal_manual/pkgdescription.html#Pkg:ConvexHull2}
}

@INCOLLECTION{cgal:hs-ch3-06,
   AUTHOR       = {Susan Hert and Stefan Schirra},
   BOOKTITLE    = {CGAL-3.2 User and Reference Manual},
   PUBLISHER    = {},
   TITLE        = {3D Convex Hulls},
   YEAR         = {2006},
   EDITOR       = {CGAL Editorial Board},
   URL          = {http://www.cgal.org/Manual/3.2/doc_html/cgal_manual/pkgdescription.html#Pkg:ConvexHull3}
}

@INCOLLECTION{cgal:gw-p2-06,
   AUTHOR       = {Geert-Jan Giezeman and Wieger Wesselink},
   BOOKTITLE    = {CGAL-3.2 User and Reference Manual},
   PUBLISHER    = {},
   TITLE        = {2D Polygons},
   YEAR         = {2006},
   EDITOR       = {CGAL Editorial Board},
   URL          = {http://www.cgal.org/Manual/3.2/doc_html/cgal_manual/pkgdescription.html#Pkg:Polygon2}
}

@INCOLLECTION{cgal:hs-chdt3-06,
   AUTHOR       = {Susan Hert and Michael Seel},
   BOOKTITLE    = {CGAL-3.2 User and Reference Manual},
   PUBLISHER    = {},
   TITLE        = {dD Convex Hulls and Delaunay Triangulations},
   YEAR         = {2006},
   EDITOR       = {CGAL Editorial Board},
   URL          = {http://www.cgal.org/Manual/3.2/doc_html/cgal_manual/pkgdescription.html#Pkg:ConvexHullD}
}

@INCOLLECTION{cgal:k-ps-06,
   AUTHOR       = {Lutz Kettner},
   BOOKTITLE    = {CGAL-3.2 User and Reference Manual},
   PUBLISHER    = {},
   TITLE        = {3D Polyhedral Surfaces},
   YEAR         = {2006},
   EDITOR       = {CGAL Editorial Board},
   URL          = {http://www.cgal.org/Manual/3.2/doc_html/cgal_manual/pkgdescription.html#Pkg:Polyhedron}
}

@INCOLLECTION{cgal:k-hds-06,
   AUTHOR       = {Lutz Kettner},
   BOOKTITLE    = {CGAL-3.2 User and Reference Manual},
   PUBLISHER    = {},
   TITLE        = {Halfedge Data Structures},
   YEAR         = {2006},
   EDITOR       = {CGAL Editorial Board},
   URL          = {http://www.cgal.org/Manual/3.2/doc_html/cgal_manual/pkgdescription.html#Pkg:HDS}
}

@INCOLLECTION{cgal:fwzh-rbso2-06,
   AUTHOR       = {Efi Fogel and Ron Wein and Baruch Zukerman and 
      Dan Halperin},
   BOOKTITLE    = {CGAL-3.2 User and Reference Manual},
   PUBLISHER    = {},
   TITLE        = {2D Regularized Boolean Set-Operations},
   YEAR         = {2006},
   EDITOR       = {CGAL Editorial Board},
   URL          = {http://www.cgal.org/Manual/3.2/doc_html/cgal_manual/pkgdescription.html#Pkg:BooleanSetOperations2}
}

@INCOLLECTION{cgal:s-bonp2-06,
   AUTHOR       = {Michael Seel},
   BOOKTITLE    = {CGAL-3.2 User and Reference Manual},
   PUBLISHER    = {},
   TITLE        = {2D Boolean Operations on Nef Polygons},
   YEAR         = {2006},
   EDITOR       = {CGAL Editorial Board},
   URL          = {http://www.cgal.org/Manual/3.2/doc_html/cgal_manual/pkgdescription.html#Pkg:Nef2}
}

@INCOLLECTION{cgal:s-bonpes2-06,
   AUTHOR       = {Peter Hachenberger and Lutz Kettner},
   BOOKTITLE    = {CGAL-3.2 User and Reference Manual},
   PUBLISHER    = {},
   TITLE        = {2D Boolean Operations on Nef Polygons Embedded on the 
      Sphere},
   YEAR         = {2006},
   EDITOR       = {CGAL Editorial Board},
   URL          = {http://www.cgal.org/Manual/3.2/doc_html/cgal_manual/pkgdescription.html#Pkg:NefS2}
}

@INCOLLECTION{cgal:s-bonp3-06,
   AUTHOR       = {Peter Hachenberger and Lutz Kettner},
   BOOKTITLE    = {CGAL-3.2 User and Reference Manual},
   PUBLISHER    = {},
   TITLE        = {3D Boolean Operations on Nef Polyhedra},
   YEAR         = {2006},
   EDITOR       = {CGAL Editorial Board},
   URL          = {http://www.cgal.org/Manual/3.2/doc_html/cgal_manual/pkgdescription.html#Pkg:Nef3}
}

@INCOLLECTION{cgal:c-sspo2-06,
   AUTHOR       = {Fernando Cacciola},
   BOOKTITLE    = {CGAL-3.2 User and Reference Manual},
   PUBLISHER    = {},
   TITLE        = {2D Straight Skeleton and Polygon Offsetting},
   YEAR         = {2006},
   EDITOR       = {CGAL Editorial Board},
   URL          = {http://www.cgal.org/Manual/3.2/doc_html/cgal_manual/pkgdescription.html#Pkg:StraightSkeleton2}
}

@INCOLLECTION{cgal:wfzh-a2-06,
   AUTHOR       = {Ron Wein and Efi Fogel and Baruch Zukerman and 
      Dan Halperin},
   BOOKTITLE    = {CGAL-3.2 User and Reference Manual},
   PUBLISHER    = {},
   TITLE        = {2D Arrangements},
   YEAR         = {2006},
   EDITOR       = {CGAL Editorial Board},
   URL          = {http://www.cgal.org/Manual/3.2/doc_html/cgal_manual/pkgdescription.html#Pkg:Arrangement2}
}

@INCOLLECTION{cgal:wfz-ic2-06,
   AUTHOR       = {Ron Wein and Efi Fogel and Baruch Zukerman},
   BOOKTITLE    = {CGAL-3.2 User and Reference Manual},
   PUBLISHER    = {},
   TITLE        = {2D Intersection of Curves},
   YEAR         = {2006},
   EDITOR       = {CGAL Editorial Board},
   URL          = {http://www.cgal.org/Manual/3.2/doc_html/cgal_manual/pkgdescription.html#Pkg:IntersectionOfCurves2}
}

@INCOLLECTION{cgal:p-sr2-06,
   AUTHOR       = {Eli Packer},
   BOOKTITLE    = {CGAL-3.2 User and Reference Manual},
   PUBLISHER    = {},
   TITLE        = {2D Snap Rounding},
   YEAR         = {2006},
   EDITOR       = {CGAL Editorial Board},
   URL          = {http://www.cgal.org/Manual/3.2/doc_html/cgal_manual/pkgdescription.html#Pkg:SnapRounding2}
}

@INCOLLECTION{cgal:y-t2-06,
   AUTHOR       = {Mariette Yvinec},
   BOOKTITLE    = {CGAL-3.2 User and Reference Manual},
   PUBLISHER    = {},
   TITLE        = {2D Triangulations},
   YEAR         = {2006},
   EDITOR       = {CGAL Editorial Board},
   URL          = {http://www.cgal.org/Manual/3.2/doc_html/cgal_manual/pkgdescription.html#Pkg:Triangulation2}
}

@INCOLLECTION{cgal:py-tds2-06,
   AUTHOR       = {Sylvain Pion and Mariette Yvinec},
   BOOKTITLE    = {CGAL-3.2 User and Reference Manual},
   PUBLISHER    = {},
   TITLE        = {2D Triangulation Data Structure},
   YEAR         = {2006},
   EDITOR       = {CGAL Editorial Board},
   URL          = {http://www.cgal.org/Manual/3.2/doc_html/cgal_manual/pkgdescription.html#Pkg:TDS2}
}

@INCOLLECTION{cgal:pt-t3-06,
   AUTHOR       = {Sylvain Pion and Monique Teillaud},
   BOOKTITLE    = {CGAL-3.2 User and Reference Manual},
   PUBLISHER    = {},
   TITLE        = {3D Triangulations},
   YEAR         = {2006},
   EDITOR       = {CGAL Editorial Board},
   URL          = {http://www.cgal.org/Manual/3.2/doc_html/cgal_manual/pkgdescription.html#Pkg:Triangulation3}
}

@INCOLLECTION{cgal:pt-tds3-06,
   AUTHOR       = {Sylvain Pion and Monique Teillaud},
   BOOKTITLE    = {CGAL-3.2 User and Reference Manual},
   PUBLISHER    = {},
   TITLE        = {3D Triangulation Data Structure},
   YEAR         = {2006},
   EDITOR       = {CGAL Editorial Board},
   URL          = {http://www.cgal.org/Manual/3.2/doc_html/cgal_manual/pkgdescription.html#Pkg:TDS3}
}

@INCOLLECTION{cgal:d-as2-06,
   AUTHOR       = {Tran Kai Frank Da},
   BOOKTITLE    = {CGAL-3.2 User and Reference Manual},
   PUBLISHER    = {},
   TITLE        = {2D Alpha Shapes},
   YEAR         = {2006},
   EDITOR       = {CGAL Editorial Board},
   URL          = {http://www.cgal.org/Manual/3.2/doc_html/cgal_manual/pkgdescription.html#Pkg:AlphaShapes2}
}

@INCOLLECTION{cgal:d-as3-06,
   AUTHOR       = {Tran Kai Frank Da},
   BOOKTITLE    = {CGAL-3.2 User and Reference Manual},
   PUBLISHER    = {},
   TITLE        = {3D Alpha Shapes},
   YEAR         = {2006},
   EDITOR       = {CGAL Editorial Board},
   URL          = {http://www.cgal.org/Manual/3.2/doc_html/cgal_manual/pkgdescription.html#Pkg:AlphaShapes3}
}

@INCOLLECTION{cgal:k-sdg2-06,
   AUTHOR       = {Menelaos Karavelas},
   BOOKTITLE    = {CGAL-3.2 User and Reference Manual},
   PUBLISHER    = {},
   TITLE        = {2D Segment Delaunay Graphs},
   YEAR         = {2006},
   EDITOR       = {CGAL Editorial Board},
   URL          = {http://www.cgal.org/Manual/3.2/doc_html/cgal_manual/pkgdescription.html#Pkg:SegmentDelaunayGraph2}
}

@INCOLLECTION{cgal:k-ag2-06,
   AUTHOR       = {Menelaos Karavelas and Mariette Yvinec},
   BOOKTITLE    = {CGAL-3.2 User and Reference Manual},
   PUBLISHER    = {},
   TITLE        = {2D Apollonius Graphs (Delaunay Graphs of Disks)},
   YEAR         = {2006},
   EDITOR       = {CGAL Editorial Board},
   URL          = {http://www.cgal.org/Manual/3.2/doc_html/cgal_manual/pkgdescription.html#Pkg:SegmentDelaunayGraph2}
}

@INCOLLECTION{cgal:k-vda2-06,
   AUTHOR       = {Menelaos Karavelas},
   BOOKTITLE    = {CGAL-3.2 User and Reference Manual},
   PUBLISHER    = {},
   TITLE        = {2D Voronoi Diagram Adaptor},
   YEAR         = {2006},
   EDITOR       = {CGAL Editorial Board},
   URL          = {http://www.cgal.org/Manual/3.2/doc_html/cgal_manual/pkgdescription.html#Pkg:VoronoiDiagram2}
}

@INCOLLECTION{cgal:r-ctm2-06,
   AUTHOR       = {Laurent Rineau},
   BOOKTITLE    = {CGAL-3.2 User and Reference Manual},
   PUBLISHER    = {},
   TITLE        = {2D Conforming Triangulations and Meshes},
   YEAR         = {2006},
   EDITOR       = {CGAL Editorial Board},
   URL          = {http://www.cgal.org/Manual/3.2/doc_html/cgal_manual/pkgdescription.html#Pkg:Mesh2}
}

@INCOLLECTION{cgal:ry-sm2-06,
   AUTHOR       = {Laurent Rineau and Mariette Yvinec},
   BOOKTITLE    = {CGAL-3.2 User and Reference Manual},
   PUBLISHER    = {},
   TITLE        = {3D Surface Mesher},
   YEAR         = {2006},
   EDITOR       = {CGAL Editorial Board},
   URL          = {http://www.cgal.org/Manual/3.2/doc_html/cgal_manual/pkgdescription.html#Pkg:SurfaceMesher3}
}

@INCOLLECTION{cgal:s-ssm2-06,
   AUTHOR       = {Le-Jeng Andy Shiue},
   BOOKTITLE    = {CGAL-3.2 User and Reference Manual},
   PUBLISHER    = {},
   TITLE        = {3D Surface Subdivision Methods},
   YEAR         = {2006},
   EDITOR       = {CGAL Editorial Board},
   URL          = {http://www.cgal.org/Manual/3.2/doc_html/cgal_manual/pkgdescription.html#Pkg:SurfaceSubdivisionMethods3}
}

@INCOLLECTION{cgal:sal-pptsm2-06,
   AUTHOR       = {Laurent Saboret and Pierre Alliez and Bruno Lévy},
   BOOKTITLE    = {CGAL-3.2 User and Reference Manual},
   PUBLISHER    = {},
   TITLE        = {Planar Parameterization of Triangulated Surface Meshes},
   YEAR         = {2006},
   EDITOR       = {CGAL Editorial Board},
   URL          = {http://www.cgal.org/Manual/3.2/doc_html/cgal_manual/pkgdescription.html#Pkg:SurfaceParameterization}
}

@INCOLLECTION{cgal:n-rstd-06,
   AUTHOR       = {Gabriele Neyer},
   BOOKTITLE    = {CGAL-3.2 User and Reference Manual},
   PUBLISHER    = {},
   TITLE        = {dD Range and Segment Trees},
   YEAR         = {2006},
   EDITOR       = {CGAL Editorial Board},
   URL          = {http://www.cgal.org/Manual/3.2/doc_html/cgal_manual/pkgdescription.html#Pkg:RangeSegmentTreesD}
}

@INCOLLECTION{cgal:f-isl-06,
   AUTHOR       = {Andreas Fabri},
   BOOKTITLE    = {CGAL-3.2 User and Reference Manual},
   PUBLISHER    = {},
   TITLE        = {Interval Skip List},
   YEAR         = {2006},
   EDITOR       = {CGAL Editorial Board},
   URL          = {http://www.cgal.org/Manual/3.2/doc_html/cgal_manual/pkgdescription.html#Pkg:IntervalSkipList}
}

@INCOLLECTION{cgal:tf-ssd-06,
   AUTHOR       = {Hans Tangelder and Andreas Fabri},
   BOOKTITLE    = {CGAL-3.2 User and Reference Manual},
   PUBLISHER    = {},
   TITLE        = {dD Spatial Searching},
   YEAR         = {2006},
   EDITOR       = {CGAL Editorial Board},
   URL          = {http://www.cgal.org/Manual/3.2/doc_html/cgal_manual/pkgdescription.html#Pkg:SpatialSearchingD}
}

@INCOLLECTION{cgal:kmz-isiobd-06,
   AUTHOR       = {Lutz Kettner and Andreas Meyer and Afra Zomorodian},
   BOOKTITLE    = {CGAL-3.2 User and Reference Manual},
   PUBLISHER    = {},
   TITLE        = {Intersecting Sequences of dD Iso-oriented Boxes},
   YEAR         = {2006},
   EDITOR       = {CGAL Editorial Board},
   URL          = {http://www.cgal.org/Manual/3.2/doc_html/cgal_manual/pkgdescription.html#Pkg:BoxIntersectionD}
}

@INCOLLECTION{cgal:fghhps-go-06,
   AUTHOR       = {Kaspar Fischer and Bernd Gärtner and Thomas Herrmann and 
      Michael Hoffmann and Eli Packer and Sven Schönherr},
   BOOKTITLE    = {CGAL-3.2 User and Reference Manual},
   PUBLISHER    = {},
   TITLE        = {Geometric Optimisation},
   YEAR         = {2006},
   EDITOR       = {CGAL Editorial Board},
   URL          = {http://www.cgal.org/Manual/3.2/doc_html/cgal_manual/pkgdescription.html#Pkg:Optimisation}
}

@INCOLLECTION{cgal:f-i-06,
   AUTHOR       = {Julia Flötotto},
   BOOKTITLE    = {CGAL-3.2 User and Reference Manual},
   PUBLISHER    = {},
   TITLE        = {Interpolation},
   YEAR         = {2006},
   EDITOR       = {CGAL Editorial Board},
   URL          = {http://www.cgal.org/Manual/3.2/doc_html/cgal_manual/pkgdescription.html#Pkg:Interpolation2}
}

@INCOLLECTION{cgal:ap-pcad-06,
   AUTHOR       = {Pierre Alliez and Sylvain Pion},
   BOOKTITLE    = {CGAL-3.2 User and Reference Manual},
   PUBLISHER    = {},
   TITLE        = {dD Principal Component Analysis},
   YEAR         = {2006},
   EDITOR       = {CGAL Editorial Board},
   URL          = {http://www.cgal.org/Manual/3.2/doc_html/cgal_manual/pkgdescription.html#Pkg:PrincipalComponentAnalysisD}
}

@INCOLLECTION{cgal:m-ps-06,
   AUTHOR       = {Abdelkrim Mebarki},
   BOOKTITLE    = {CGAL-3.2 User and Reference Manual},
   PUBLISHER    = {},
   TITLE        = {2D Placement of Streamlines},
   YEAR         = {2006},
   EDITOR       = {CGAL Editorial Board},
   URL          = {http://www.cgal.org/Manual/3.2/doc_html/cgal_manual/pkgdescription.html#Pkg:PlacementOfStreamlines2}
}

@INCOLLECTION{cgal:f-kds-06,
   AUTHOR       = {Daniel Russel},
   BOOKTITLE    = {CGAL-3.2 User and Reference Manual},
   PUBLISHER    = {},
   TITLE        = {Kinetic Data Structures},
   YEAR         = {2006},
   EDITOR       = {CGAL Editorial Board},
   URL          = {http://www.cgal.org/Manual/3.2/doc_html/cgal_manual/pkgdescription.html#Pkg:Kds}
}

@INCOLLECTION{cgal:f-kdsf-06,
   AUTHOR       = {Daniel Russel},
   BOOKTITLE    = {CGAL-3.2 User and Reference Manual},
   PUBLISHER    = {},
   TITLE        = {Kinetic Data Structures Framework},
   YEAR         = {2006},
   EDITOR       = {CGAL Editorial Board},
   URL          = {http://www.cgal.org/Manual/3.2/doc_html/cgal_manual/pkgdescription.html#Pkg:KdsFramework}
}

