@Article{Lienhardt91,
  author =   {Lienhardt, P.},
  title =    {Topological models for boundary representation: a
              comparison with N-dimensional generalized maps},
  journal =  {Computer-Aided Design},
  year =     1991,
  volume =   23,
  number =   1,
  pages  =   {59--82},
  annote =   {map,generalized map},
}

@InProceedings{DamiandLienhardt2003,
      author = {Damiand G., Lienhardt P.},
      title = {Removal and Contraction for N-Dimensional Generalized Maps},
      booktitle = {Proc. of 11th International Conference on Discrete Geometry for Computer Imagery (DGCI)},
      series = {LNCS},
      publisher = {Springer-Verlag},
      volume = {2886},
      pages = {408-419},
      month = {November},
      year = {2003},
      address = {Naples, Italy},
      url = {http://springerlink.metapress.com/content/p9xyve1020c8gmyv}
}

@InProceedings{BDSM2008,
      author = {Baba-Ali M., Damiand G., Skapin X., Marcheix D.},
      title = {Insertion and Expansion Operations for n -Dimensional Generalized Maps},
      booktitle = {Proc. of 14th International Conference on Discrete Geometry for Computer Imagery (DGCI)},
      series = {LNCS},
      publisher = {Springer-Verlag},
      volume = {4992},
      pages = {141-152},
      month = {April},
      year = {2008},
      address = {Lyon, France},
      url = {http://dx.doi.org/10.1007/978-3-540-79126-3_14}
}


@TechReport{PoudretAl2007,
	author 	    = {Poudret, M. and Arnould, A. and Bertrand, Y. and Lienhardt, P.},
	title 	    = {Cartes Combinatoires Ouvertes.},
	institution = {Laboratoire SIC E.A. 4103},
	number 	    = {2007-1},
	month 	    = {October},
	year 	    = {2007},
	address     = {F-86962 Futuroscope Cedex, France},
	type 	    = {Research Notes},
	keywords    = {cartes combinatoires, demi-ar{\^e}te, ar{\^e}te radiale},
} 

@PhdThesis{Damiand2010,
       author = {Damiand, G.},
       title = {Contributions aux Cartes Combinatoires et Cartes G\'en\'eralis\'ees : Simplification, Mod\`eles, Invariants Topologiques et Applications},
       month = {Septembre},
       year = {2010},
       school = {Universit\'e Lyon 1},
       type = {Habilitation \`a Diriger des Recherches}
} 