\begin{thebibliography}{10}

\bibitem{bbp-ia-98}
H.~Bronnimann, C.~Burnikel and S.~Pion.
\newblock Interval Arithmetic Yields Efficient Arithmetic Filters for
  Computational Geometry
\newblock In {\em Proc. 14th Annu. ACM Sympos. Comput. Geom.}, to appear, 1998.

\end{thebibliography}
