@manual{ mpfr:manual
	,author = "{The MPFR Team}"
	,title = "{MPFR}: {T}he {M}ultiple {P}recision {F}loating {P}oint
	{R}eliable {L}ibrary Edition 2.3.0"
	,month = aug
	,year = 2007
}

@article{ mpfr:paper
	,author = "{F}ousse, {L}aurent and {H}anrot, {G}uillaume and
	{L}ef\`evre, {V}incent and {P}\'elissier, {P}atrick and
	{Z}immermann, {P}aul"
	,title = "{MPFR}: A Multiple-Precision Binary Floating-Point
	Library with Correct Rounding"
	,journal = "{ACM} Transactions on Mathematical Software"
	,volume = "33"
	,number = "2"
	,month = jun
	,year = "2007"
	,URL = "http://doi.acm.org/10.1145/1236463.1236468"
}

@misc{mpfr:pion
	,note = "Private communication with S. Pion"
}

