@inproceedings{ gs-epsee-97
    ,author       = {Bernd G{\"a}rtner and Sven Sch{\"o}nherr}
    ,title        = {Exact Primitives for Smallest Enclosing Ellipses}
    ,booktitle    = {Proc. 13th Annu. ACM Symp. on Computational Geometry}
    ,year         = 1997
    ,pages	  = {430--432}
    ,update       = "97.06 schönherr, 98.02 schönherr"
}

@techreport{ gs-seefe-97a
    ,author       = {Bernd G{\"a}rtner and Sven Sch{\"o}nherr}
    ,title        = {Smallest Enclosing Ellipses -- Fast and Exact}
    ,institution  = {Freie Universit{\"a}t Berlin, Germany}
    ,type         = {Serie B -- Informatik}
    ,number       = {B 97-03}
    ,year         = 1997
    ,month        = jun
    ,note         = {\path|http://www.inf.fu-berlin.de/inst/pubs/|}
    ,update       = "97.06 schönherr, 98.02 schönherr"
}

@article{ kw-dat-97
    ,author       = {Dietmar K{\"u}hl and Karsten Weihe}
    ,title        = {Data Access Templates}
    ,journal      = {C++ Report}
    ,year         = 1997
    ,month        = jun
    ,annote       = {recommended C++ reading.}
    ,update       = "97.06 schönherr"
}
