
@article{o-naler-90
  , author =      "M. Orlowski"
  , title =       "A new algorithm for the largest empty rectangle problem"
  , journal =     "Algorithmica"
  , volume =      5
  , year =        1990
  , pages =       "65--73"
  , keywords =    "area"
  , annote =      "$O(n \log n)$ expected time, $O(n)$ space"
  }
