@inproceedings{dt-pvr3d-03
, author =      "Olivier Devillers and Monique Teillaud"
, title =  "Perturbations and Vertex Removal in a {3D Delaunay} Triangulation"
, booktitle =   "Proc. 14th ACM-SIAM Sympos. Discrete Algorithms (SODA)"
, year =    2003
, pages = "313-319"
}
