@phdthesis{prisme-these-flototto
, category = 1
, author =  "Julia Fl{\"o}totto"
, title =   "A coordinate system associated to a point cloud
          issued from a manifold: definition, properties and applications"
, type =    "Th\`{e}se de doctorat en sciences"
, school = "Universit\'e de {Nice-Sophia Antipolis}"
, address = "France"
, year =    2003
, url   =   "http://www-sop.inria.fr/prisme/personnel/flototto/"
, flag = "_these"
}

@article
 {bp-plcbdt-93,
  author="B. Piper",
  title="Properties of Local Coordinates based on Dirichlet tesselations",
  journal="Computing Suppl.",
  year="1993",
  volume="8",
  number="",
  pages="227-239"
}