@book{Warren-subdivision-2002,
    author = "Joe Warren and Henrik Weimer",
    title = "Subdivision Methods for Geometric Design",
    address = "New York",
    publisher = "Morgan Kaufmann Publishers",
    year = "2002",
}

@article{Catmull-sub-1978,
           author = {E.~Catmull and J.~Clark},
           title = {Recursively generated {B}-spline surfaces on
	     arbitrary topological meshes},
           journal = {Computer Aided Design},
           year = {1978},
	   volume = {10},
           pages = {350--355},
}

@InProceedings{Shiue-2005-MREO,
           title = {Mesh Refinement based on Euler Encoding},
           author = {Le-Jeng Shiue and J{\"o}rg Peters}
           pages = {343--348},
           year = {2005},
           booktitle = {Proceedings of the International Conference on Shape Modeling and Applications 2005},
}

@article{Oswald-2003-CSS,
 author = {Peter Oswald and Peter Schr{\"o}der},
 title = {Composite Primal/Dual $\sqrt{3}$-Subdivision Schemes},
 journal = {Computer Aided Geometric Design},
 volume = {20},
 number = {3},
 year = {2003},
 pages = {135--164},
 }

@InProceedings{Shiue-2005-SESUB,
      title = {A Mesh Refinement Library based on Generic Design},
      author = {Le-Jeng Shiue and J{\"o}rg Peters}
      pages = {1-104--1-108},
      year = {2005},
      booktitle = {Proceedings of the 43rd ACM Southeast Conference},
}
