
@article{isr-2002
, author =      "D. Halperin and E. Packer"
, title =       "Iterated Snap Rounding"
, journal =     "Computational Geometry: Theory and Applications"
, volume =      23
, number =      2
, year =        2002
, pages =       "209--225"
} 

@inproceedings{gght-srlse-97
, author =      "M. Goodrich and L. J. Guibas and J. Hershberger and P. Tanenbaum"
, title =       "Snap Rounding Line Segments Efficiently in Two and Three Dimensions"
, booktitle =   "Proc. 13th Annu. ACM Sympos. Comput. Geom."
, year =        1997
, pages =       "284--293"
}     

@article{gm-rad-98
, author =      "Leonidas Guibas and David Marimont"
, title =       "Rounding Arrangements Dynamically"
, journal =     "Internat. J. Comput. Geom. Appl."
, volume =      8
, year =        1998
, pages =       "157--176"
, succeeds =    "gm-rad-95"
, update =      "98.11 devillers"
} 

@article{h-psifp-99,
        author = "J. Hobby",
        title = "Practical segment intersection with finite precision output",
        journal = "Comput. Geom. Theory Appl."
, volume =      13
, year =        1999
, pages =       "199-214"
}   
