@TechReport{ke-ppawv-02,
  author = 	 {Menelaos I. Karavelas and Ioannis Z. Emiris},
  title = 	 {Predicates for the Planar Additively Weighted {V}oronoi Diagram},
  institution =  {INRIA Sophia-Antipolis},
  year = 	 {2002},
  type = 	 {Technical Report},
  number = 	 {ECG-TR-122201-01},
  address = 	 {Sophia-Antipolis},
  month = 	 {May},
  url =          {ftp://ftp-sop.inria.fr/prisme/ECG/Reports/Month12/ECG-TR-122201-01.ps.gz}
}

@InProceedings{ke-rctac-03,
  author = 	 {Menelaos I. Karavelas and Ioannis Z. Emiris},
  title = 	 {Root comparison techniques applied to computing the additively weighted {V}oronoi diagram},
  booktitle = 	 {Proceedings 14th Annual ACM-SIAM Symposium on Discrete Algorithms},
  pages = 	 {320--329},
  year = 	 {2003},
}

@InProceedings{ky-dawvd-02,
  author = 	 {Menelaos I. Karavelas and Mariette Yvinec},
  title = 	 {Dynamic Additively Weighted {V}oronoi Diagrams in {2D}},
  booktitle = 	 {Proceedings 10th European Symposium on Algorithms},
  pages = 	 {586--598},
  year = 	 {2002},
  url =          {http://link.springer.de/link/service/series/0558/bibs/2461/24610586.htm}
}