% please dont't modify the @string commands
% they are used by the scripts to create the "How to cite CGAL" web page
% thanks - Monique

@string{ author_create_page = 0 }
@string{ category_create_page = 0 }
@string{ reduced_year_create_page = 0 }
@string{ complete_year_create_page = 0 }

@string{ index_file_title = "How to cite CGAL" }
@string{ index_page_title = "How to cite CGAL" }

@string{ complete_biblio_file_title = "CGAL Publications sorted by year" }
@string{ complete_biblio_page_title = "CGAL Publications sorted by year" }
@string{ filename_complete_biblio = "how_to_cite_cgal" }

@string{ head_tag.end = ../publications/layout.html }
%@string{ header_of_contents = header_of_contents }

@string{ keyword_build_initials_index = 0 }
@string{ keyword_put_initials_in_index = 0 }

@string{ keyword_write_bibtex_abstract = 0 }
@string{ complete_biblio_write_bibtex_abstract = 0 }

@string{ disclaimer_2 = ""}

@string{ index_write_author = 0 }
@string{ keyword_write_author = 0 }
@string{ complete_biblio_write_author = 0 }

@string{ index_write_date = 0 }
@string{ keyword_write_date = 0 }
@string{ complete_biblio_write_date = 0 }

%%%%%%%%%%%%%%%%%%%%%%%%%%%%%%%%%%%%%%%%%%%%%%%%%%%%%%%%%%%%%%%%%%%%

@incollection{cgal:fgsp-k23-06
, author =	"Andreas Fabri and Geert-Jan Giezeman and Stefan Schirra and Sylvain Pion"
, title =	"2D and 3D Kernel"
, editor =	"CGAL Editorial Board"
, booktitle =	"CGAL-3.2 User and Reference Manual"
, url =	"http://www.cgal.org/Manual/3.2/doc_html/cgal_manual/pkgdescription.html#Pkg:Kernel23"
, year =        2006
}


@incollection{cgal:pt-cc2-06
, author =	"Sylvain Pion and Monique Teillaud"
, title =	"2D Circular Kernel"
, editor =	"CGAL Editorial Board"
, booktitle =	"CGAL-3.2 User and Reference Manual"
, url =	"http://www.cgal.org/Manual/3.2/doc_html/cgal_manual/pkgdescription.html#Pkg:CircularKernel2"
, year =        2006
}

@incollection{cgal:hs-chep2-06
, author =	"Susan Hert and Stefan Schirra"
, title =	"2D Convex Hulls and Extreme Points"
, editor =	"CGAL Editorial Board"
, booktitle =	"CGAL-3.2 User and Reference Manual"
, url =	"http://www.cgal.org/Manual/3.2/doc_html/cgal_manual/pkgdescription.html#Pkg:ConvexHull2"
, year =        2006
}


@incollection{cgal:hs-ch3-06
, author =	"Susan Hert and Stefan Schirra"
, title =	"3D Convex Hulls"
, editor =	"CGAL Editorial Board"
, booktitle =	"CGAL-3.2 User and Reference Manual"
, url =	"http://www.cgal.org/Manual/3.2/doc_html/cgal_manual/pkgdescription.html#Pkg:ConvexHull3"
, year =        2006
}


@incollection{cgal:hs-chdt3-06
, author =	"Susan Hert and Michael Seel"
, title =	"dD Convex Hulls and Delaunay Triangulations"
, editor =	"CGAL Editorial Board"
, booktitle =	"CGAL-3.2 User and Reference Manual"
, url =	"http://www.cgal.org/Manual/3.2/doc_html/cgal_manual/pkgdescription.html#Pkg:ConvexHullD"
, year =        2006
}


@incollection{cgal:k-ps-06
, author =	"Lutz Kettner"
, title =	"3D Polyhedral Surfaces"
, editor =	"CGAL Editorial Board"
, booktitle =	"CGAL-3.2 User and Reference Manual"
, url =	"http://www.cgal.org/Manual/3.2/doc_html/cgal_manual/pkgdescription.html#Pkg:Polyhedron"
, year =        2006
}


@incollection{cgal:k-hds-06
, author =	"Lutz Kettner"
, title =	"Halfedge Data Structures"
, editor =	"CGAL Editorial Board"
, booktitle =	"CGAL-3.2 User and Reference Manual"
, url =	"http://www.cgal.org/Manual/3.2/doc_html/cgal_manual/pkgdescription.html#Pkg:HDS"
, year =        2006
}


@incollection{cgal:fwzh-rbso2-06
, author =	"Efi Fogel and  Ron Wein and  Baruch Zukerman and Dan Halperin"
, title =	"2D Regularized Boolean Set-Operations"
, editor =	"CGAL Editorial Board"
, booktitle =	"CGAL-3.2 User and Reference Manual"
, url =	"http://www.cgal.org/Manual/3.2/doc_html/cgal_manual/pkgdescription.html#Pkg:BooleanSetOperations2"
, year =        2006
}


@incollection{cgal:s-bonp2-06
, author =	"Michael Seel"
, title =	"2D Boolean Operations on Nef Polygons"
, editor =	"CGAL Editorial Board"
, booktitle =	"CGAL-3.2 User and Reference Manual"
, url =	"http://www.cgal.org/Manual/3.2/doc_html/cgal_manual/pkgdescription.html#Pkg:Nef2"
, year =        2006
}

@incollection{cgal:s-bonpes2-06
, author =	"Peter Hachenberger and Lutz Kettner"
, title =	"2D Boolean Operations on Nef Polygons Embedded on the Sphere"
, editor =	"CGAL Editorial Board"
, booktitle =	"CGAL-3.2 User and Reference Manual"
, url =	"http://www.cgal.org/Manual/3.2/doc_html/cgal_manual/pkgdescription.html#Pkg:NefS2"
, year =        2006
}

@incollection{cgal:s-bonp3-06
, author =	"Peter Hachenberger and Lutz Kettner"
, title =	"3D Boolean Operations on Nef Polyhedra"
, editor =	"CGAL Editorial Board"
, booktitle =	"CGAL-3.2 User and Reference Manual"
, url =	"http://www.cgal.org/Manual/3.2/doc_html/cgal_manual/pkgdescription.html#Pkg:Nef3"
, year =        2006
}

@incollection{cgal:c-sspo2-06
, author =	"Fernando Cacciola"
, title =	"2D Straight Skeleton and Polygon Offsetting"
, editor =	"CGAL Editorial Board"
, booktitle =	"CGAL-3.2 User and Reference Manual"
, url =	"http://www.cgal.org/Manual/3.2/doc_html/cgal_manual/pkgdescription.html#Pkg:StraightSkeleton2"
, year =        2006
}

@incollection{cgal:wfzh-a2-06
, author =	"Ron Wein and Efi Fogel and Baruch Zukerman and Dan Halperin"
, title =	"2D Arrangements"
, editor =	"CGAL Editorial Board"
, booktitle =	"CGAL-3.2 User and Reference Manual"
, url =	"http://www.cgal.org/Manual/3.2/doc_html/cgal_manual/pkgdescription.html#Pkg:Arrangement2"
, year =        2006
}

@incollection{cgal:wfz-ic2-06
, author =	"Ron Wein and Efi Fogel and Baruch Zukerman"
, title =	"2D Intersection of Curves"
, editor =	"CGAL Editorial Board"
, booktitle =	"CGAL-3.2 User and Reference Manual"
, url =	"http://www.cgal.org/Manual/3.2/doc_html/cgal_manual/pkgdescription.html#Pkg:IntersectionOfCurves2"
, year =        2006
}


@incollection{cgal:p-sr2-06
, author =	"Eli Packer"
, title =	"2D Snap Rounding"
, editor =	"CGAL Editorial Board"
, booktitle =	"CGAL-3.2 User and Reference Manual"
, url =	"http://www.cgal.org/Manual/3.2/doc_html/cgal_manual/pkgdescription.html#Pkg:SnapRounding2"
, year =        2006
}

@incollection{cgal:y-t2-06
, author =	"Mariette Yvinec"
, title =	"2D Triangulations"
, editor =	"CGAL Editorial Board"
, booktitle =	"CGAL-3.2 User and Reference Manual"
, url =	"http://www.cgal.org/Manual/3.2/doc_html/cgal_manual/pkgdescription.html#Pkg:Triangulation2"
, year =        2006
}

@incollection{cgal:py-tds2-06
, author =	"Sylvain Pion and Mariette Yvinec"
, title =	"2D Triangulation Data Structure"
, editor =	"CGAL Editorial Board"
, booktitle =	"CGAL-3.2 User and Reference Manual"
, url =	"http://www.cgal.org/Manual/3.2/doc_html/cgal_manual/pkgdescription.html#Pkg:TDS2"
, year =        2006
}

@incollection{cgal:y-t3-06
, author =	"Mariette Yvinec"
, title =	"2D Triangulations"
, editor =	"CGAL Editorial Board"
, booktitle =	"CGAL-3.2 User and Reference Manual"
, url =	"http://www.cgal.org/Manual/3.2/doc_html/cgal_manual/pkgdescription.html#Pkg:Triangulation2"
, year =        2006
}

@incollection{cgal:y-t3-06
, author =	"Sylvain Pion and Monique Teillaud"
, title =	"3D Triangulations"
, editor =	"CGAL Editorial Board"
, booktitle =	"CGAL-3.2 User and Reference Manual"
, url =	"http://www.cgal.org/Manual/3.2/doc_html/cgal_manual/pkgdescription.html#Pkg:Triangulation3"
, year =        2006
}

@incollection{cgal:pt-tds3-06
, author =	"Sylvain Pion and Monique Teillaud"
, title =	"3D Triangulation Data Structure"
, editor =	"CGAL Editorial Board"
, booktitle =	"CGAL-3.2 User and Reference Manual"
, url =	"http://www.cgal.org/Manual/3.2/doc_html/cgal_manual/pkgdescription.html#Pkg:TDS3"
, year =        2006
}

@incollection{cgal:d-as2-06
, author =	"Tran Kai Frank Da"
, title =	"2D Alpha Shapes"
, editor =	"CGAL Editorial Board"
, booktitle =	"CGAL-3.2 User and Reference Manual"
, url =	"http://www.cgal.org/Manual/3.2/doc_html/cgal_manual/pkgdescription.html#Pkg:AlphaShapes2"
, year =        2006
}

@incollection{cgal:d-as3-06
, author =	"Tran Kai Frank Da"
, title =	"3D Alpha Shapes"
, editor =	"CGAL Editorial Board"
, booktitle =	"CGAL-3.2 User and Reference Manual"
, url =	"http://www.cgal.org/Manual/3.2/doc_html/cgal_manual/pkgdescription.html#Pkg:AlphaShapes3"
, year =        2006
}

@incollection{cgal:k-sdg2-06
, author =	"Menelaos Karavelas"
, title =	"2D Segment Delaunay Graphs"
, editor =	"CGAL Editorial Board"
, booktitle =	"CGAL-3.2 User and Reference Manual"
, url =	"http://www.cgal.org/Manual/3.2/doc_html/cgal_manual/pkgdescription.html#Pkg:SegmentDelaunayGraph2"
, year =        2006
}

@incollection{cgal:k-ag2-06
, author =	"Menelaos Karavelas"
, title =	"2D Apollonius Graphs (Delaunay Graphs of Disks)"
, editor =	"CGAL Editorial Board"
, booktitle =	"CGAL-3.2 User and Reference Manual"
, url =	"http://www.cgal.org/Manual/3.2/doc_html/cgal_manual/pkgdescription.html#Pkg:SegmentDelaunayGraph2"
, year =        2006
}

@incollection{cgal:k-vd2-06
, author =	"Menelaos Karavelas"
, title =	"2D Voronoi Diagram"
, editor =	"CGAL Editorial Board"
, booktitle =	"CGAL-3.2 User and Reference Manual"
, url =	"http://www.cgal.org/Manual/3.2/doc_html/cgal_manual/pkgdescription.html#Pkg:VoronoiDiagram2"
, year =        2006
}

@incollection{cgal:r-ctm2-06
, author =	"Laurent Rineau"
, title =	"2D Conforming Triangulations and Meshes"
, editor =	"CGAL Editorial Board"
, booktitle =	"CGAL-3.2 User and Reference Manual"
, url =	"http://www.cgal.org/Manual/3.2/doc_html/cgal_manual/pkgdescription.html#Pkg:Mesh2"
, year =        2006
}

@incollection{cgal:ry-sm2-06
, author =	"Laurent Rineau and Mariette Yvinec"
, title =	"3D Surface Mesher"
, editor =	"CGAL Editorial Board"
, booktitle =	"CGAL-3.2 User and Reference Manual"
, url =	"http://www.cgal.org/Manual/3.2/doc_html/cgal_manual/pkgdescription.html#Pkg:SurfaceMesher3"
, year =        2006
}

@incollection{cgal:as-ssm2-06
, author =	"Le-Jeng Andy Shiue"
, title =	"3D Surface Subdivision Methods"
, editor =	"CGAL Editorial Board"
, booktitle =	"CGAL-3.2 User and Reference Manual"
, url =	"http://www.cgal.org/Manual/3.2/doc_html/cgal_manual/pkgdescription.html#Pkg:SurfaceSubdivisionMethods3"
, year =        2006
}

@incollection{cgal:sal-pptsm2-06
, author =	"Laurent Saboret and Pierre Alliez and Bruno L\'evy"
, title =	"Planar Parameterization of Triangulated Surface Meshes"
, editor =	"CGAL Editorial Board"
, booktitle =	"CGAL-3.2 User and Reference Manual"
, url =	"http://www.cgal.org/Manual/3.2/doc_html/cgal_manual/pkgdescription.html#Pkg:SurfaceParameterization"
, year =        2006
}



@incollection{cgal:n-rstd-06
, author =	"Gabriele Neyer"
, title =	"dD Range and Segment Trees"
, editor =	"CGAL Editorial Board"
, booktitle =	"CGAL-3.2 User and Reference Manual"
, url =	"http://www.cgal.org/Manual/3.2/doc_html/cgal_manual/pkgdescription.html#Pkg:RangeSegmentTreesD"
, year =        2006
}


@incollection{cgal:kmz-isiobd-06
, author =	"Lutz Kettner, Andreas Meyer, and Afra Zomorodian"
, title =	"Intersecting Sequences of dD Iso-oriented Boxes"
, editor =	"CGAL Editorial Board"
, booktitle =	"CGAL-3.2 User and Reference Manual"
, url =	"http://www.cgal.org/Manual/3.2/doc_html/cgal_manual/pkgdescription.html#Pkg:BoxIntersectionD"
, year =        2006
}


@incollection{cgal:f-i-06
, author =	"Julia Fl\"ototto"
, title =	"Interpolation"
, editor =	"CGAL Editorial Board"
, booktitle =	"CGAL-3.2 User and Reference Manual"
, url =	"http://www.cgal.org/Manual/3.2/doc_html/cgal_manual/pkgdescription.html#Pkg:Interpolation2"
, year =        2006
}


@incollection{cgal:ap--06
, author =	"Pierre Alliez and Sylvain Pion"
, title =	"dD Principal Component Analysis"
, editor =	"CGAL Editorial Board"
, booktitle =	"CGAL-3.2 User and Reference Manual"
, url =	"http://www.cgal.org/Manual/3.2/doc_html/cgal_manual/pkgdescription.html#Pkg:PrincipalComponentAnalysisD"
, year =        2006
}

@incollection{cgal:m-ps-06
, author =	"Abdelkrim Mebarki"
, title =	"2D Placement of Streamlines"
, editor =	"CGAL Editorial Board"
, booktitle =	"CGAL-3.2 User and Reference Manual"
, url =	"http://www.cgal.org/Manual/3.2/doc_html/cgal_manual/pkgdescription.html#Pkg:PlacementOfStreamlines2"
, year =        2006
}


@incollection{cgal:f-kds-06
, author =	"Daniel Russel"
, title =	"Kinetic Data Structures"
, editor =	"CGAL Editorial Board"
, booktitle =	"CGAL-3.2 User and Reference Manual"
, url =	"http://www.cgal.org/Manual/3.2/doc_html/cgal_manual/pkgdescription.html#Pkg:Kds"
, year =        2006
}

@incollection{cgal:f-kdsf-06
, author =	"Daniel Russel"
, title =	"Kinetic Data Structures Framework"
, editor =	"CGAL Editorial Board"
, booktitle =	"CGAL-3.2 User and Reference Manual"
, url =	"http://www.cgal.org/Manual/3.2/doc_html/cgal_manual/pkgdescription.html#Pkg:KdsFramework"
, year =        2006
}
