% please dont't modify the "arobase"string commands
% they are used by the scripts to create the "How to cite CGAL" web page
% thanks - Monique

@string{ author_create_page = 0 }
@string{ category_create_page = 0 }
@string{ reduced_year_create_page = 0 }
@string{ complete_year_create_page = 0 }

@string{ index_file_title = "How to cite CGAL" }
@string{ index_page_title = "How to cite CGAL" }

@string{ complete_biblio_file_title = "CGAL Publications sorted by year" }
@string{ complete_biblio_page_title = "CGAL Publications sorted by year" }
@string{ filename_complete_biblio = "how_to_cite_cgal" }

@string{ head_tag.end = "../publications/layout.html" }
%@string{ header_of_contents = "header_of_contents" }

@string{ keyword_build_initials_index = 0 }
@string{ keyword_put_initials_in_index = 0 }

@string{ keyword_write_bibtex_abstract = 0 }
@string{ complete_biblio_write_bibtex_abstract = 0 }

@string{ disclaimer_2 = ""}

@string{ index_write_author = 0 }
@string{ keyword_write_author = 0 }
@string{ complete_biblio_write_author = 0 }

@string{ index_write_date = 0 }
@string{ keyword_write_date = 0 }
@string{ complete_biblio_write_date = 0 }

% ------------------------------------
% almost the same as manual.bib, changed for 2007/CGAL 3.3  ...
% ------------------------------------



@manual{ cgal:eb-08
  ,title        = "{CGAL} User and Reference Manual"
  , author      = "{CGAL} Editorial Board"
  , edition     = "3.4"
  ,year         = 2008
  ,url =    "http://www.cgal.org/Manual/3.4/doc_html/cgal_manual/packages.html"
}


@incollection{cgal:h-af-08
, author =  "Michael Hemmer"
, title =   "Algebraic Foundations"
, editor =  "{CGAL} Editorial Board"
, edition =     "3.4"
, booktitle =   "{CGAL} User and Reference Manual"
, url = "http://www.cgal.org/Manual/3.4/doc_html/cgal_manual/packages.html#Pkg:AlgebraicFoundations"
, year =        2008
}


@incollection{cgal:hhkps-nt-08
, author =  "Michael Hemmer and Susan Hert and Lutz Kettner and Sylvain Pion and and Stefan Schirra"
, title =   "Number Tpes"
, editor =  "{CGAL} Editorial Board"
, edition =     "3.4"
, booktitle =   "{CGAL} User and Reference Manual"
, url = "http://www.cgal.org/Manual/3.4/doc_html/cgal_manual/packages.html#Pkg:NumberTypes"
, year =        2008
}

@incollection{cgal:h-p-08
, author =  "Michael Hemmer"
, title =   "Polynomial"
, editor =  "{CGAL} Editorial Board"
, edition =     "3.4"
, booktitle =   "{CGAL} User and Reference Manual"
, url = "http://www.cgal.org/Manual/3.4/doc_html/cgal_manual/packages.html#Pkg:Polynomial"
, year =        2008
}

@incollection{cgal:h-ma-08
, author =  "Michael Hemmer"
, title =   "Modular Arithmetic"
, editor =  "{CGAL} Editorial Board"
, edition =     "3.4"
, booktitle =   "{CGAL} User and Reference Manual"
, url = "http://www.cgal.org/Manual/3.4/doc_html/cgal_manual/packages.html#Pkg:ModularArithmetic"
, year =        2008
}


@incollection{cgal:bfghhkps-gk23-08
, author =  "Herv{\'e} Br{\"o}nnimann and Andreas Fabri and Geert-Jan Giezeman and Susan Hert and Michael Hoffmann and Lutz Kettner and Stefan Schirra and Sylvain Pion"
, title =   "2D and 3D Geometry Kernel"
, editor =  "{CGAL} Editorial Board"
, edition =     "3.4"
, booktitle =   "{CGAL} User and Reference Manual"
, url = "http://www.cgal.org/Manual/3.4/doc_html/cgal_manual/packages.html#Pkg:Kernel23"
, year =        2008
}

@incollection{cgal:s-gkd-08
, author =  "Michael Seel"
, title =   "dD Geometry Kernel"
, editor =  "{CGAL} Editorial Board"
, edition =     "3.4"
, booktitle =   "{CGAL} User and Reference Manual"
, url = "http://www.cgal.org/Manual/3.4/doc_html/cgal_manual/packages.html#Pkg:Kerneld"
, year =        2008
}

@incollection{cgal:mpt-cgk2-08
, author =  "Pedro Machado Manh\~{a}es de Castro and Sylvain Pion and Monique Teillaud"
, title =   "2D Circular Geometry Kernel"
, editor =  "{CGAL} Editorial Board"
, edition =     "3.4"
, booktitle =   "{CGAL} User and Reference Manual"
, url = "http://www.cgal.org/Manual/3.4/doc_html/cgal_manual/packages.html#Pkg:CircularKernel2"
, year =        2008
}

@incollection{cgal:mt-sgk3-08
, author =  "Pedro Machado Manh\~{a}es de Castro  and Monique Teillaud"
, title =   "3D Spherical Geometry Kernel"
, editor =  "{CGAL} Editorial Board"
, edition =     "3.4"
, booktitle =   "{CGAL} User and Reference Manual"
, url = "http://www.cgal.org/Manual/3.4/doc_html/cgal_manual/packages.html#Pkg:SphericalKernel3"
, year =        2008
}

@incollection{cgal:hs-chep2-08
, author =  "Susan Hert and Stefan Schirra"
, title =   "2D Convex Hulls and Extreme Points"
, editor =  "{CGAL} Editorial Board"
, edition =     "3.4"
, booktitle =   "{CGAL} User and Reference Manual"
, url = "http://www.cgal.org/Manual/3.4/doc_html/cgal_manual/packages.html#Pkg:ConvexHull2"
, year =        2008
}


@incollection{cgal:hs-ch3-08
, author =  "Susan Hert and Stefan Schirra"
, title =   "3D Convex Hulls"
, editor =  "{CGAL} Editorial Board"
, edition =     "3.4"
, booktitle =   "{CGAL} User and Reference Manual"
, url = "http://www.cgal.org/Manual/3.4/doc_html/cgal_manual/packages.html#Pkg:ConvexHull3"
, year =        2008
}


@incollection{cgal:gw-p2-08
, author =  "Geert-Jan Giezeman and Wieger Wesselink"
, title =   "2D Polygons"
, editor =  "{CGAL} Editorial Board"
, edition =     "3.4"
, booktitle =   "{CGAL} User and Reference Manual"
, url = "http://www.cgal.org/Manual/3.4/doc_html/cgal_manual/packages.html#Pkg:Polygon2"
, year =        2008
}

@incollection{cgal:h-pp2-08
, author =  "Susan Hert"
, title =   "2D Polygon Partitioning"
, editor =  "{CGAL} Editorial Board"
, edition =     "3.4"
, booktitle =   "{CGAL} User and Reference Manual"
, url = "http://www.cgal.org/Manual/3.4/doc_html/cgal_manual/packages.html#Pkg:PolygonPartitioning2"
, year =        2008
}

@incollection{cgal:hs-chdt3-08
, author =  "Susan Hert and Michael Seel"
, title =   "dD Convex Hulls and {Delaunay} Triangulations"
, editor =  "{CGAL} Editorial Board"
, edition =     "3.4"
, booktitle =   "{CGAL} User and Reference Manual"
, url = "http://www.cgal.org/Manual/3.4/doc_html/cgal_manual/packages.html#Pkg:ConvexHullD"
, year =        2008
}


@incollection{cgal:k-ps-08
, author =  "Lutz Kettner"
, title =   "3D Polyhedral Surfaces"
, editor =  "{CGAL} Editorial Board"
, edition =     "3.4"
, booktitle =   "{CGAL} User and Reference Manual"
, url = "http://www.cgal.org/Manual/3.4/doc_html/cgal_manual/packages.html#Pkg:Polyhedron"
, year =        2008
}


@incollection{cgal:k-hds-08
, author =  "Lutz Kettner"
, title =   "Halfedge Data Structures"
, editor =  "{CGAL} Editorial Board"
, edition =     "3.4"
, booktitle =   "{CGAL} User and Reference Manual"
, url = "http://www.cgal.org/Manual/3.4/doc_html/cgal_manual/packages.html#Pkg:HDS"
, year =        2008
}


@incollection{cgal:fwzh-rbso2-08
, author =  "Efi Fogel and  Ron Wein and  Baruch Zukerman and Dan Halperin"
, title =   "2D Regularized Boolean Set-Operations"
, editor =  "{CGAL} Editorial Board"
, edition =     "3.4"
, booktitle =   "{CGAL} User and Reference Manual"
, url = "http://www.cgal.org/Manual/3.4/doc_html/cgal_manual/packages.html#Pkg:BooleanSetOperations2"
, year =        2008
}

@incollection{cgal:w-ms2-08
, author =  "Ron Wein"
, title =   "2D Minkowski Sums"
, editor =  "{CGAL} Editorial Board"
, edition =     "3.4"
, booktitle =   "{CGAL} User and Reference Manual"
, url = "http://www.cgal.org/Manual/3.4/doc_html/cgal_manual/packages.html#Pkg:MinkowskiSum2"
, year =        2008
}


@incollection{cgal:s-bonp2-08
, author =  "Michael Seel"
, title =   "2D Boolean Operations on Nef Polygons"
, editor =  "{CGAL} Editorial Board"
, edition =     "3.4"
, booktitle =   "{CGAL} User and Reference Manual"
, url = "http://www.cgal.org/Manual/3.4/doc_html/cgal_manual/packages.html#Pkg:Nef2"
, year =        2008
}

@incollection{cgal:hk-bonpes2-08
, author =  "Peter Hachenberger and Lutz Kettner"
, title =   "2D Boolean Operations on Nef Polygons Embedded on the Sphere"
, editor =  "{CGAL} Editorial Board"
, edition =     "3.4"
, booktitle =   "{CGAL} User and Reference Manual"
, url = "http://www.cgal.org/Manual/3.4/doc_html/cgal_manual/packages.html#Pkg:NefS2"
, year =        2008
}

@incollection{cgal:hk-bonp3-08
, author =  "Peter Hachenberger and Lutz Kettner"
, title =   "3D Boolean Operations on Nef Polyhedra"
, editor =  "{CGAL} Editorial Board"
, edition =     "3.4"
, booktitle =   "{CGAL} User and Reference Manual"
, url = "http://www.cgal.org/Manual/3.4/doc_html/cgal_manual/packages.html#Pkg:Nef3"
, year =        2008
}

@incollection{cgal:hk-mnp3-08
, author =  "Peter Hachenberger"
, title =   "3D Minkowski Sum of Polyhedra"
, editor =  "{CGAL} Editorial Board"
, edition =     "3.4"
, booktitle =   "{CGAL} User and Reference Manual"
, url = "http://www.cgal.org/Manual/3.4/doc_html/cgal_manual/packages.html#Pkg:MinkowskiSum3"
, year =        2008
}
@incollection{cgal:c-sspo2-08
, author =  "Fernando Cacciola"
, title =   "2D Straight Skeleton and Polygon Offsetting"
, editor =  "{CGAL} Editorial Board"
, edition =     "3.4"
, booktitle =   "{CGAL} User and Reference Manual"
, url = "http://www.cgal.org/Manual/3.4/doc_html/cgal_manual/packages.html#Pkg:StraightSkeleton2"
, year =        2008
}

@incollection{cgal:wfzh-a2-08
, author =  "Ron Wein and Efi Fogel and Baruch Zukerman and Dan Halperin"
, title =   "2D Arrangements"
, editor =  "{CGAL} Editorial Board"
, edition =     "3.4"
, booktitle =   "{CGAL} User and Reference Manual"
, url = "http://www.cgal.org/Manual/3.4/doc_html/cgal_manual/packages.html#Pkg:Arrangement2"
, year =        2008
}

@incollection{cgal:wfz-ic2-08
, author =  "Ron Wein and Efi Fogel and Baruch Zukerman"
, title =   "2D Intersection of Curves"
, editor =  "{CGAL} Editorial Board"
, edition =     "3.4"
, booktitle =   "{CGAL} User and Reference Manual"
, url = "http://www.cgal.org/Manual/3.4/doc_html/cgal_manual/packages.html#Pkg:IntersectionOfCurves2"
, year =        2008
}


@incollection{cgal:p-sr2-08
, author =  "Eli Packer"
, title =   "2D Snap Rounding"
, editor =  "{CGAL} Editorial Board"
, edition =     "3.4"
, booktitle =   "{CGAL} User and Reference Manual"
, url = "http://www.cgal.org/Manual/3.4/doc_html/cgal_manual/packages.html#Pkg:SnapRounding2"
, year =        2008
}

@incollection{cgal:w-e2-08
, author =  "Ron Wein"
, title =   "2D Envelopes"
, editor =  "{CGAL} Editorial Board"
, edition =     "3.4"
, booktitle =   "{CGAL} User and Reference Manual"
, url = "http://www.cgal.org/Manual/3.4/doc_html/cgal_manual/packages.html#Pkg:Envelope2"
, year =        2008
}

@incollection{cgal:mwz-e3-08
, author =  "Michal Meyerovitch and Ron Wein and Baruch Zukerman"
, title =   "3D Envelopes"
, editor =  "{CGAL} Editorial Board"
, edition =     "3.4"
, booktitle =   "{CGAL} User and Reference Manual"
, url = "http://www.cgal.org/Manual/3.4/doc_html/cgal_manual/packages.html#Pkg:Envelope3"
, year =        2008
}

@incollection{cgal:y-t2-08
, author =  "Mariette Yvinec"
, title =   "2D Triangulations"
, editor =  "{CGAL} Editorial Board"
, edition =     "3.4"
, booktitle =   "{CGAL} User and Reference Manual"
, url = "http://www.cgal.org/Manual/3.4/doc_html/cgal_manual/packages.html#Pkg:Triangulation2"
, year =        2008
}

@incollection{cgal:py-tds2-08
, author =  "Sylvain Pion and Mariette Yvinec"
, title =   "2D Triangulation Data Structure"
, editor =  "{CGAL} Editorial Board"
, edition =     "3.4"
, booktitle =   "{CGAL} User and Reference Manual"
, url = "http://www.cgal.org/Manual/3.4/doc_html/cgal_manual/packages.html#Pkg:TDS2"
, year =        2008
}

@incollection{cgal:pt-t3-08
, author =  "Sylvain Pion and Monique Teillaud"
, title =   "3D Triangulations"
, editor =  "{CGAL} Editorial Board"
, edition =     "3.4"
, booktitle =   "{CGAL} User and Reference Manual"
, url = "http://www.cgal.org/Manual/3.4/doc_html/cgal_manual/packages.html#Pkg:Triangulation3"
, year =        2008
}

@incollection{cgal:pt-tds3-08
, author =  "Sylvain Pion and Monique Teillaud"
, title =   "3D Triangulation Data Structure"
, editor =  "{CGAL} Editorial Board"
, edition =     "3.4"
, booktitle =   "{CGAL} User and Reference Manual"
, url = "http://www.cgal.org/Manual/3.4/doc_html/cgal_manual/packages.html#Pkg:TDS3"
, year =        2008
}

@incollection{cgal:d-as2-08
, author =  "Tran Kai Frank Da"
, title =   "2D Alpha Shapes"
, editor =  "{CGAL} Editorial Board"
, edition =     "3.4"
, booktitle =   "{CGAL} User and Reference Manual"
, url = "http://www.cgal.org/Manual/3.4/doc_html/cgal_manual/packages.html#Pkg:AlphaShapes2"
, year =        2008
}

@incollection{cgal:dy-as3-08
, author =  "Tran Kai Frank Da and Mariette Yvinec"
, title =   "3D Alpha Shapes"
, editor =  "{CGAL} Editorial Board"
, edition =     "3.4"
, booktitle =   "{CGAL} User and Reference Manual"
, url = "http://www.cgal.org/Manual/3.4/doc_html/cgal_manual/packages.html#Pkg:AlphaShapes3"
, year =        2008
}

@incollection{cgal:k-sdg2-08
, author =  "Menelaos Karavelas"
, title =   "2D Segment {Delaunay} Graphs"
, editor =  "{CGAL} Editorial Board"
, edition =     "3.4"
, booktitle =   "{CGAL} User and Reference Manual"
, url = "http://www.cgal.org/Manual/3.4/doc_html/cgal_manual/packages.html#Pkg::SegmentDelaunayGraph2"
, year =        2008
}

@incollection{cgal:ky-ag2-08
, author =  "Menelaos Karavelas and Mariette Yvinec"
, title =   "2D {Apollonius} Graphs ({Delaunay} Graphs of Disks)"
, editor =  "{CGAL} Editorial Board"
, edition =     "3.4"
, booktitle =   "{CGAL} User and Reference Manual"
, url = "http://www.cgal.org/Manual/3.4/doc_html/cgal_manual/packages.html#Pkg::ApolloniusGraph2"
, year =        2008
}

@incollection{cgal:k-vda2-08
, author =  "Menelaos Karavelas"
, title =   "2D {Voronoi} Diagram Adaptor"
, editor =  "{CGAL} Editorial Board"
, edition =     "3.4"
, booktitle =   "{CGAL} User and Reference Manual"
, url = "http://www.cgal.org/Manual/3.4/doc_html/cgal_manual/packages.html#Pkg:VoronoiDiagram2"
, year =        2008
}

@incollection{cgal:r-ctm2-08
, author =  "Laurent Rineau"
, title =   "2D Conforming Triangulations and Meshes"
, editor =  "{CGAL} Editorial Board"
, edition =     "3.4"
, booktitle =   "{CGAL} User and Reference Manual"
, url = "http://www.cgal.org/Manual/3.4/doc_html/cgal_manual/packages.html#Pkg:Mesh2"
, year =        2008
}

@incollection{cgal:ry-smg-08
, author =  "Laurent Rineau and Mariette Yvinec"
, title =   "3D Surface Mesh Generation"
, editor =  "{CGAL} Editorial Board"
, edition =     "3.4"
, booktitle =   "{CGAL} User and Reference Manual"
, url = "http://www.cgal.org/Manual/3.4/doc_html/cgal_manual/packages.html#Pkg:SurfaceMesher3"
, year =        2008
}

@incollection{cgal:k-ssm3-08
, author =  "Nico Kruithof"
, title =   "3D Skin Surface Meshing"
, editor =  "{CGAL} Editorial Board"
, edition =     "3.4"
, booktitle =   "{CGAL} User and Reference Manual"
, url = "http://www.cgal.org/Manual/3.4/doc_html/cgal_manual/packages.html#Pkg:SkinSurface3"
, year =        2008
}


@incollection{cgal:s-ssm2-08
, author =  "Le-Jeng Andy Shiue"
, title =   "3D Surface Subdivision Methods"
, editor =  "{CGAL} Editorial Board"
, edition =     "3.4"
, booktitle =   "{CGAL} User and Reference Manual"
, url = "http://www.cgal.org/Manual/3.4/doc_html/cgal_manual/packages.html#Pkg:SurfaceSubdivisionMethods3"
, year =        2008
}

@incollection{cgal:c-tsms-08
, author =  "Fernando Cacciola"
, title =   "Triangulated Surface Mesh Simplification"
, editor =  "{CGAL} Editorial Board"
, edition =     "3.4"
, booktitle =   "{CGAL} User and Reference Manual"
, url = "http://www.cgal.org/Manual/3.4/doc_html/cgal_manual/packages.html#Pkg:SurfaceMeshSimplification"
, year =        2008
}


@incollection{cgal:sal-pptsm2-08
, author =  "Laurent Saboret and Pierre Alliez and Bruno L\'evy"
, title =   "Planar Parameterization of Triangulated Surface Meshes"
, editor =  "{CGAL} Editorial Board"
, edition =     "3.4"
, booktitle =   "{CGAL} User and Reference Manual"
, url = "http://www.cgal.org/Manual/3.4/doc_html/cgal_manual/packages.html#Pkg:SurfaceParameterization"
, year =        2008
}



@incollection{cgal:n-rstd-08
, author =  "Gabriele Neyer"
, title =   "dD Range and Segment Trees"
, editor =  "{CGAL} Editorial Board"
, edition =     "3.4"
, booktitle =   "{CGAL} User and Reference Manual"
, url = "http://www.cgal.org/Manual/3.4/doc_html/cgal_manual/packages.html#Pkg:RangeSegmentTreesD"
, year =        2008
}

@incollection{cgal:f-isl-08
, author =  "Andreas Fabri"
, title =   "Interval Skip List"
, editor =  "{CGAL} Editorial Board"
, edition =     "3.4"
, booktitle =   "{CGAL} User and Reference Manual"
, url = "http://www.cgal.org/Manual/3.4/doc_html/cgal_manual/packages.html#Pkg:IntervalSkipList"
, year =        2008
}

@incollection{cgal:tf-ssd-08
, author =  "Hans Tangelder and Andreas Fabri"
, title =   "dD Spatial Searching"
, editor =  "{CGAL} Editorial Board"
, edition =     "3.4"
, booktitle =   "{CGAL} User and Reference Manual"
, url = "http://www.cgal.org/Manual/3.4/doc_html/cgal_manual/packages.html#Pkg:SpatialSearchingD"
, year =        2008
}

@incollection{cgal:kmz-isiobd-08
, author =  "Lutz Kettner and Andreas Meyer and Afra Zomorodian"
, title =   "Intersecting Sequences of dD Iso-oriented Boxes"
, editor =  "{CGAL} Editorial Board"
, edition =     "3.4"
, booktitle =   "{CGAL} User and Reference Manual"
, url = "http://www.cgal.org/Manual/3.4/doc_html/cgal_manual/packages.html#Pkg:BoxIntersectionD"
, year =        2008
}


@incollection{cgal:fghhs-bv-08
, author =  "Kaspar Fischer and Bernd G{\"a}rtner and Thomas Herrmann and Michael Hoffmann and Sven Sch{\"o}nherr"
, title =   "Bounding Volumes"
, editor =  "{CGAL} Editorial Board"
, edition =     "3.4"
, booktitle =   "{CGAL} User and Reference Manual"
, url = "http://www.cgal.org/Manual/3.4/doc_html/cgal_manual/packages.html#Pkg:BoundedVolumes"
, year =        2008
}

@incollection{cgal:fgsw-lqps-08
, author =  "Kaspar Fischer and Bernd G{\"a}rtner and Sven Sch{\"o}nherr and Frans Wessendorp"
, title =   "Linear and Quadratic Programming Solver"
, editor =  "{CGAL} Editorial Board"
, edition =     "3.4"
, booktitle =   "{CGAL} User and Reference Manual"
, url = "http://www.cgal.org/Manual/3.4/doc_html/cgal_manual/packages.html#Pkg:QPSolver"
, year =        2008
}

@incollection{cgal:hp-ia-08
, author =  "Michael Hoffmann and Eli Packer"
, title =   "Inscribed Areas"
, editor =  "{CGAL} Editorial Board"
, edition =     "3.4"
, booktitle =   "{CGAL} User and Reference Manual"
, url = "http://www.cgal.org/Manual/3.4/doc_html/cgal_manual/packages.html#Pkg:InscribedAreas"
, year =        2008
}

@incollection{cgal:fghhs-od-08
, author =  "Kaspar Fischer and Bernd G{\"a}rtner and Thomas Herrmann and Michael Hoffmann
                and Sven Sch{\"o}nherr"
, title =   "Optimal Distances"
, editor =  "{CGAL} Editorial Board"
, edition =     "3.4"
, booktitle =   "{CGAL} User and Reference Manual"
, url = "http://www.cgal.org/Manual/3.4/doc_html/cgal_manual/packages.html#Pkg:OptimalDistances"
, year =        2008
}

@incollection{cgal:f-i-08
, author =  "Julia Fl{\"o}totto"
, title =   "Interpolation"
, editor =  "{CGAL} Editorial Board"
, edition =     "3.4"
, booktitle =   "{CGAL} User and Reference Manual"
, url = "http://www.cgal.org/Manual/3.4/doc_html/cgal_manual/packages.html#Pkg:Interpolation2"
, year =        2008
}


@incollection{cgal:ap-pcad-08
, author =  "Pierre Alliez and Sylvain Pion"
, title =   "dD Principal Component Analysis"
, editor =  "{CGAL} Editorial Board"
, edition =     "3.4"
, booktitle =   "{CGAL} User and Reference Manual"
, url = "http://www.cgal.org/Manual/3.4/doc_html/cgal_manual/packages.html#Pkg:PrincipalComponentAnalysisD"
, year =        2008
}

@incollection{cgal:m-ps-08
, author =  "Abdelkrim Mebarki"
, title =   "2D Placement of Streamlines"
, editor =  "{CGAL} Editorial Board"
, edition =     "3.4"
, booktitle =   "{CGAL} User and Reference Manual"
, url = "http://www.cgal.org/Manual/3.4/doc_html/cgal_manual/packages.html#Pkg:PlacementOfStreamlines2"
, year =        2008
}

@incollection{cgal:cp-arutsm-08
, author =  "Fr\'ed\'eric Cazals and Marc Pouget"
, title =   "Approximation of Ridges and Umbilics on Triangulated Surface Meshes"
, editor =  "{CGAL} Editorial Board"
, edition =     "3.4"
, booktitle =   "{CGAL} User and Reference Manual"
, url = "http://www.cgal.org/Manual/3.4/doc_html/cgal_manual/packages.html#Pkg:Ridges_3"
, year =        2008
}

@incollection{cgal:cp-eldp-08
, author =  "Fr\'ed\'eric Cazals and Marc Pouget"
, title =   "Estimation of Local Differential Properties"
, editor =  "{CGAL} Editorial Board"
, edition =     "3.4"
, booktitle =   "{CGAL} User and Reference Manual"
, url = "http://www.cgal.org/Manual/3.4/doc_html/cgal_manual/packages.html#Pkg:Jet_fitting_3"
, year =        2008
}


@incollection{cgal:f-kds-08
, author =  "Daniel Russel"
, title =   "Kinetic Data Structures"
, editor =  "{CGAL} Editorial Board"
, edition =     "3.4"
, booktitle =   "{CGAL} User and Reference Manual"
, url = "http://www.cgal.org/Manual/3.4/doc_html/cgal_manual/packages.html#Pkg:Kds"
, year =        2008
}

@incollection{cgal:f-kdsf-08
, author =  "Daniel Russel"
, title =   "Kinetic Data Structures Framework"
, editor =  "{CGAL} Editorial Board"
, edition =     "3.4"
, booktitle =   "{CGAL} User and Reference Manual"
, url = "http://www.cgal.org/Manual/3.4/doc_html/cgal_manual/packages.html#Pkg:KdsFramework"
, year =        2008
}

@incollection{cgal:cfw-cbgl-08
, author =  "Fernando Cacciola and Andreas Fabri and Ron Wein"
, title =   "{CGAL} and the {Boost} Graph Library"
, editor =  "{CGAL} Editorial Board"
, edition =     "3.4"
, booktitle =   "{CGAL} User and Reference Manual"
, url = "http://www.cgal.org/Manual/3.4/doc_html/cgal_manual/packages.html#Pkg:BGL"
, year =        2008
}

@incollection{cgal:d-ss-08
, author =  "Christophe Delage"
, title =   "Spatial Sorting"
, editor =  "{CGAL} Editorial Board"
, edition =     "3.4"
, booktitle =   "{CGAL} User and Reference Manual"
, url = "http://www.cgal.org/Manual/3.4/doc_html/cgal_manual/packages.html#Pkg:SpatialSorting"
, year =        2008
}

@incollection{cgal:h-msms-08
, author =  "Michael Hoffmann"
, title =   "Monotone and Sorted Matrix Search"
, editor =  "{CGAL} Editorial Board"
, edition =     "3.4"
, booktitle =   "{CGAL} User and Reference Manual"
, url = "http://www.cgal.org/Manual/3.4/doc_html/cgal_manual/packages.html#Pkg:MatrixSearch"
, year =        2008
}

@incollection{cgal:hkpw-se-08
, author =  "Michael Hoffmann and  Lutz Kettner and Sylvain Pion and and Ron Wein"
, title =   "STL Extensions for {CGAL}"
, editor =  "{CGAL} Editorial Board"
, edition =     "3.4"
, booktitle =   "{CGAL} User and Reference Manual"
, year =        2008
}

@incollection{cgal:dksy-hc-08
, author =  "Olivier Devillers and Lutz Kettner and Michael Seel and and Mariette Yvinec"
, title =   "Handles and Circulators"
, editor =  "{CGAL} Editorial Board"
, edition =     "3.4"
, booktitle =   "{CGAL} User and Reference Manual"
, year =        2008
}




@incollection{cgal:hhks-gos-08
, author =  "Susan Hert and Michael Hoffmann and Lutz Kettner and and Sven Sch\"onherr"
, title =   "Geometric Object Generators"
, editor =  "{CGAL} Editorial Board"
, edition =     "3.4"
, booktitle =   "{CGAL} User and Reference Manual"
, year =        2008
}




@incollection{cgal:kps-thum-08
, author =  "Lutz Kettner and Sylvain Pion and and Michael Seel"
, title =   "Timers, Hash Map, Union-find, Modifiers"
, editor =  "{CGAL} Editorial Board"
, edition =     "3.4"
, booktitle =   "{CGAL} User and Reference Manual"
, year =        2008
}



@incollection{cgal:fgk-ios-08
, author =  "Andreas Fabri and Geert-Jan Giezeman and Lutz Kettner"
, title =   "IO Streams"
, editor =  "{CGAL} Editorial Board"
, edition =     "3.4"
, booktitle =   "{CGAL} User and Reference Manual"
, year =        2008
}




@incollection{cgal:fp-g-08
, author =  "Andreas Fabri and Sylvain Pion"
, title =   "Geomview"
, editor =  "{CGAL} Editorial Board"
, edition =     "3.4"
, booktitle =   "{CGAL} User and Reference Manual"
, year =        2008
}




@incollection{cgal:fr-cqgvf-08
, author =  "Andreas Fabri and Laurent Rineau"
, title =   "{CGAL} and the Qt Graphics View Framework "
, editor =  "{CGAL} Editorial Board"
, edition =     "3.4"
, booktitle =   "{CGAL} User and Reference Manual"
, year =        2008
}


