% please dont't modify the "arobase"string commands
% they are used by the scripts to create the "How to cite CGAL" web page
% thanks - Monique

@string{ author_create_page = 0 }
@string{ category_create_page = 0 }
@string{ reduced_year_create_page = 0 }
@string{ complete_year_create_page = 0 }

@string{ index_file_title = "How to cite CGAL" }
@string{ index_page_title = "How to cite CGAL" }

@string{ complete_biblio_file_title = "CGAL Publications sorted by year" }
@string{ complete_biblio_page_title = "CGAL Publications sorted by year" }
@string{ filename_complete_biblio = "how_to_cite_cgal-3.3" }

@string{ head_tag.end = "../publications/layout.html" }
%@string{ header_of_contents = "header_of_contents" }

@string{ keyword_build_initials_index = 0 }
@string{ keyword_put_initials_in_index = 0 }

@string{ keyword_write_bibtex_abstract = 0 }
@string{ complete_biblio_write_bibtex_abstract = 0 }

@string{ disclaimer_2 = ""}

@string{ index_write_author = 0 }
@string{ keyword_write_author = 0 }
@string{ complete_biblio_write_author = 0 }

@string{ index_write_date = 0 }
@string{ keyword_write_date = 0 }
@string{ complete_biblio_write_date = 0 }

% ------------------------------------
% almost the same as manual.bib, changed for 2007/CGAL 3.3  ...
% ------------------------------------



@manual{ cgal:eb-07
  ,title        = "CGAL User and Reference Manual"
  , author      = "CGAL Editorial Board"
  , edition     = "3.3"
  ,year         = 2007
  ,url =    "http://www.cgal.org/Manual/3.3/doc_html/cgal_manual/index.html"
}

@incollection{cgal:bfghhkps-k23-07
, author =  "Herv{\'e} Br{\"o}nnimann and Andreas Fabri and Geert-Jan Giezeman and Susan Hert and Michael Hoffmann and Lutz Kettner and Stefan Schirra and Sylvain Pion"
, title =   "2D and 3D Kernel"
, editor =  "CGAL Editorial Board"
, edition =     "3.3"
, booktitle =   "CGAL User and Reference Manual"
, url = "http://www.cgal.org/Manual/3.3/doc_html/cgal_manual/packages.html#Pkg:Kernel23"
, year =        2007
}


@incollection{cgal:pt-ck2-07
, author =  "Sylvain Pion and Monique Teillaud"
, title =   "2D Circular Kernel"
, editor =  "CGAL Editorial Board"
, edition =     "3.3"
, booktitle =   "CGAL User and Reference Manual"
, url = "http://www.cgal.org/Manual/3.3/doc_html/cgal_manual/packages.html#Pkg:CircularKernel2"
, year =        2007
}

@incollection{cgal:h-af-07
, author =  "Michael Hemmer"
, title =   "Algebraic Foundations"
, editor =  "CGAL Editorial Board"
, edition =     "3.3"
, booktitle =   "CGAL User and Reference Manual"
, url = "http://www.cgal.org/Manual/3.3/doc_html/cgal_manual/packages.html#Pkg:AlgebraicFoundations"
, year =        2007
}

@incollection{cgal:hs-chep2-07
, author =  "Susan Hert and Stefan Schirra"
, title =   "2D Convex Hulls and Extreme Points"
, editor =  "CGAL Editorial Board"
, edition =     "3.3"
, booktitle =   "CGAL User and Reference Manual"
, url = "http://www.cgal.org/Manual/3.3/doc_html/cgal_manual/packages.html#Pkg:ConvexHull2"
, year =        2007
}


@incollection{cgal:hs-ch3-07
, author =  "Susan Hert and Stefan Schirra"
, title =   "3D Convex Hulls"
, editor =  "CGAL Editorial Board"
, edition =     "3.3"
, booktitle =   "CGAL User and Reference Manual"
, url = "http://www.cgal.org/Manual/3.3/doc_html/cgal_manual/packages.html#Pkg:ConvexHull3"
, year =        2007
}


@incollection{cgal:gw-p2-07
, author =  "Geert-Jan Giezeman and Wieger Wesselink"
, title =   "2D Polygons"
, editor =  "CGAL Editorial Board"
, edition =     "3.3"
, booktitle =   "CGAL User and Reference Manual"
, url = "http://www.cgal.org/Manual/3.3/doc_html/cgal_manual/packages.html#Pkg:Polygon2"
, year =        2007
}

@incollection{cgal:h-pp2-07
, author =  "Susan Hert"
, title =   "2D Polygon Partitioning"
, editor =  "CGAL Editorial Board"
, edition =     "3.3"
, booktitle =   "CGAL User and Reference Manual"
, url = "http://www.cgal.org/Manual/3.3/doc_html/cgal_manual/packages.html#Pkg:PolygonPartitioning2"
, year =        2007
}

@incollection{cgal:hs-chdt3-07
, author =  "Susan Hert and Michael Seel"
, title =   "dD Convex Hulls and Delaunay Triangulations"
, editor =  "CGAL Editorial Board"
, edition =     "3.3"
, booktitle =   "CGAL User and Reference Manual"
, url = "http://www.cgal.org/Manual/3.3/doc_html/cgal_manual/packages.html#Pkg:ConvexHullD"
, year =        2007
}


@incollection{cgal:k-ps-07
, author =  "Lutz Kettner"
, title =   "3D Polyhedral Surfaces"
, editor =  "CGAL Editorial Board"
, edition =     "3.3"
, booktitle =   "CGAL User and Reference Manual"
, url = "http://www.cgal.org/Manual/3.3/doc_html/cgal_manual/packages.html#Pkg:Polyhedron"
, year =        2007
}


@incollection{cgal:k-hds-07
, author =  "Lutz Kettner"
, title =   "Halfedge Data Structures"
, editor =  "CGAL Editorial Board"
, edition =     "3.3"
, booktitle =   "CGAL User and Reference Manual"
, url = "http://www.cgal.org/Manual/3.3/doc_html/cgal_manual/packages.html#Pkg:HDS"
, year =        2007
}


@incollection{cgal:fwzh-rbso2-07
, author =  "Efi Fogel and  Ron Wein and  Baruch Zukerman and Dan Halperin"
, title =   "2D Regularized Boolean Set-Operations"
, editor =  "CGAL Editorial Board"
, edition =     "3.3"
, booktitle =   "CGAL User and Reference Manual"
, url = "http://www.cgal.org/Manual/3.3/doc_html/cgal_manual/packages.html#Pkg:BooleanSetOperations2"
, year =        2007
}

@incollection{cgal:w-ms2-07
, author =  "Ron Wein"
, title =   "2D Minkowski Sums"
, editor =  "CGAL Editorial Board"
, edition =     "3.3"
, booktitle =   "CGAL User and Reference Manual"
, url = "http://www.cgal.org/Manual/3.3/doc_html/cgal_manual/packages.html#Pkg:MinkowskiSum2"
, year =        2007
}


@incollection{cgal:s-bonp2-07
, author =  "Michael Seel"
, title =   "2D Boolean Operations on Nef Polygons"
, editor =  "CGAL Editorial Board"
, edition =     "3.3"
, booktitle =   "CGAL User and Reference Manual"
, url = "http://www.cgal.org/Manual/3.3/doc_html/cgal_manual/packages.html#Pkg:Nef2"
, year =        2007
}

@incollection{cgal:hk-bonpes2-07
, author =  "Peter Hachenberger and Lutz Kettner"
, title =   "2D Boolean Operations on Nef Polygons Embedded on the Sphere"
, editor =  "CGAL Editorial Board"
, edition =     "3.3"
, booktitle =   "CGAL User and Reference Manual"
, url = "http://www.cgal.org/Manual/3.3/doc_html/cgal_manual/packages.html#Pkg:NefS2"
, year =        2007
}

@incollection{cgal:hk-bonp3-07
, author =  "Peter Hachenberger and Lutz Kettner"
, title =   "3D Boolean Operations on Nef Polyhedra"
, editor =  "CGAL Editorial Board"
, edition =     "3.3"
, booktitle =   "CGAL User and Reference Manual"
, url = "http://www.cgal.org/Manual/3.3/doc_html/cgal_manual/packages.html#Pkg:Nef3"
, year =        2007
}

@incollection{cgal:c-sspo2-07
, author =  "Fernando Cacciola"
, title =   "2D Straight Skeleton and Polygon Offsetting"
, editor =  "CGAL Editorial Board"
, edition =     "3.3"
, booktitle =   "CGAL User and Reference Manual"
, url = "http://www.cgal.org/Manual/3.3/doc_html/cgal_manual/packages.html#Pkg:StraightSkeleton2"
, year =        2007
}

@incollection{cgal:wfzh-a2-07
, author =  "Ron Wein and Efi Fogel and Baruch Zukerman and Dan Halperin"
, title =   "2D Arrangements"
, editor =  "CGAL Editorial Board"
, edition =     "3.3"
, booktitle =   "CGAL User and Reference Manual"
, url = "http://www.cgal.org/Manual/3.3/doc_html/cgal_manual/packages.html#Pkg:Arrangement2"
, year =        2007
}

@incollection{cgal:wfz-ic2-07
, author =  "Ron Wein and Efi Fogel and Baruch Zukerman"
, title =   "2D Intersection of Curves"
, editor =  "CGAL Editorial Board"
, edition =     "3.3"
, booktitle =   "CGAL User and Reference Manual"
, url = "http://www.cgal.org/Manual/3.3/doc_html/cgal_manual/packages.html#Pkg:IntersectionOfCurves2"
, year =        2007
}


@incollection{cgal:p-sr2-07
, author =  "Eli Packer"
, title =   "2D Snap Rounding"
, editor =  "CGAL Editorial Board"
, edition =     "3.3"
, booktitle =   "CGAL User and Reference Manual"
, url = "http://www.cgal.org/Manual/3.3/doc_html/cgal_manual/packages.html#Pkg:SnapRounding2"
, year =        2007
}

@incollection{cgal:w-e2-07
, author =  "Ron Wein"
, title =   "2D Envelopes"
, editor =  "CGAL Editorial Board"
, edition =     "3.3"
, booktitle =   "CGAL User and Reference Manual"
, url = "http://www.cgal.org/Manual/3.3/doc_html/cgal_manual/packages.html#Pkg:Envelope2"
, year =        2007
}

@incollection{cgal:mwz-e3-07
, author =  "Michal Meyerovitch and Ron Wein and Baruch Zukerman"
, title =   "3D Envelopes"
, editor =  "CGAL Editorial Board"
, edition =     "3.3"
, booktitle =   "CGAL User and Reference Manual"
, url = "http://www.cgal.org/Manual/3.3/doc_html/cgal_manual/packages.html#Pkg:Envelope3"
, year =        2007
}

@incollection{cgal:y-t2-07
, author =  "Mariette Yvinec"
, title =   "2D Triangulations"
, editor =  "CGAL Editorial Board"
, edition =     "3.3"
, booktitle =   "CGAL User and Reference Manual"
, url = "http://www.cgal.org/Manual/3.3/doc_html/cgal_manual/packages.html#Pkg:Triangulation2"
, year =        2007
}

@incollection{cgal:py-tds2-07
, author =  "Sylvain Pion and Mariette Yvinec"
, title =   "2D Triangulation Data Structure"
, editor =  "CGAL Editorial Board"
, edition =     "3.3"
, booktitle =   "CGAL User and Reference Manual"
, url = "http://www.cgal.org/Manual/3.3/doc_html/cgal_manual/packages.html#Pkg:TDS2"
, year =        2007
}

@incollection{cgal:pt-t3-07
, author =  "Sylvain Pion and Monique Teillaud"
, title =   "3D Triangulations"
, editor =  "CGAL Editorial Board"
, edition =     "3.3"
, booktitle =   "CGAL User and Reference Manual"
, url = "http://www.cgal.org/Manual/3.3/doc_html/cgal_manual/packages.html#Pkg:Triangulation3"
, year =        2007
}

@incollection{cgal:pt-tds3-07
, author =  "Sylvain Pion and Monique Teillaud"
, title =   "3D Triangulation Data Structure"
, editor =  "CGAL Editorial Board"
, edition =     "3.3"
, booktitle =   "CGAL User and Reference Manual"
, url = "http://www.cgal.org/Manual/3.3/doc_html/cgal_manual/packages.html#Pkg:TDS3"
, year =        2007
}

@incollection{cgal:d-as2-07
, author =  "Tran Kai Frank Da"
, title =   "2D Alpha Shapes"
, editor =  "CGAL Editorial Board"
, edition =     "3.3"
, booktitle =   "CGAL User and Reference Manual"
, url = "http://www.cgal.org/Manual/3.3/doc_html/cgal_manual/packages.html#Pkg:AlphaShapes2"
, year =        2007
}

@incollection{cgal:dy-as3-07
, author =  "Tran Kai Frank Da and Mariette Yvinec"
, title =   "3D Alpha Shapes"
, editor =  "CGAL Editorial Board"
, edition =     "3.3"
, booktitle =   "CGAL User and Reference Manual"
, url = "http://www.cgal.org/Manual/3.3/doc_html/cgal_manual/packages.html#Pkg:AlphaShapes3"
, year =        2007
}

@incollection{cgal:k-sdg2-07
, author =  "Menelaos Karavelas"
, title =   "2D Segment Delaunay Graphs"
, editor =  "CGAL Editorial Board"
, edition =     "3.3"
, booktitle =   "CGAL User and Reference Manual"
, url = "http://www.cgal.org/Manual/3.3/doc_html/cgal_manual/packages.html#Pkg::SegmentDelaunayGraph2"
, year =        2007
}

@incollection{cgal:ky-ag2-07
, author =  "Menelaos Karavelas and Mariette Yvinec"
, title =   "2D Apollonius Graphs (Delaunay Graphs of Disks)"
, editor =  "CGAL Editorial Board"
, edition =     "3.3"
, booktitle =   "CGAL User and Reference Manual"
, url = "http://www.cgal.org/Manual/3.3/doc_html/cgal_manual/packages.html#Pkg::ApolloniusGraph2"
, year =        2007
}

@incollection{cgal:k-vda2-07
, author =  "Menelaos Karavelas"
, title =   "2D Voronoi Diagram Adaptor"
, editor =  "CGAL Editorial Board"
, edition =     "3.3"
, booktitle =   "CGAL User and Reference Manual"
, url = "http://www.cgal.org/Manual/3.3/doc_html/cgal_manual/packages.html#Pkg:VoronoiDiagram2"
, year =        2007
}

@incollection{cgal:r-ctm2-07
, author =  "Laurent Rineau"
, title =   "2D Conforming Triangulations and Meshes"
, editor =  "CGAL Editorial Board"
, edition =     "3.3"
, booktitle =   "CGAL User and Reference Manual"
, url = "http://www.cgal.org/Manual/3.3/doc_html/cgal_manual/packages.html#Pkg:Mesh2"
, year =        2007
}

@incollection{cgal:ry-smg-07
, author =  "Laurent Rineau and Mariette Yvinec"
, title =   "3D Surface Mesh Generation"
, editor =  "CGAL Editorial Board"
, edition =     "3.3"
, booktitle =   "CGAL User and Reference Manual"
, url = "http://www.cgal.org/Manual/3.3/doc_html/cgal_manual/packages.html#Pkg:SurfaceMesher3"
, year =        2007
}

@incollection{cgal:k-ssm3-07
, author =  "Nico Kruithof"
, title =   "3D Skin Surface Meshing"
, editor =  "CGAL Editorial Board"
, edition =     "3.3"
, booktitle =   "CGAL User and Reference Manual"
, url = "http://www.cgal.org/Manual/3.3/doc_html/cgal_manual/packages.html#Pkg:SkinSurface3"
, year =        2007
}


@incollection{cgal:s-ssm2-07
, author =  "Le-Jeng Andy Shiue"
, title =   "3D Surface Subdivision Methods"
, editor =  "CGAL Editorial Board"
, edition =     "3.3"
, booktitle =   "CGAL User and Reference Manual"
, url = "http://www.cgal.org/Manual/3.3/doc_html/cgal_manual/packages.html#Pkg:SurfaceSubdivisionMethods3"
, year =        2007
}

@incollection{cgal:c-tsms-07
, author =  "Fernando Cacciola"
, title =   "Triangulated Surface Mesh Simplification"
, editor =  "CGAL Editorial Board"
, edition =     "3.3"
, booktitle =   "CGAL User and Reference Manual"
, url = "http://www.cgal.org/Manual/3.3/doc_html/cgal_manual/packages.html#Pkg:SurfaceMeshSimplification"
, year =        2007
}


@incollection{cgal:sal-pptsm2-07
, author =  "Laurent Saboret and Pierre Alliez and Bruno L\'evy"
, title =   "Planar Parameterization of Triangulated Surface Meshes"
, editor =  "CGAL Editorial Board"
, edition =     "3.3"
, booktitle =   "CGAL User and Reference Manual"
, url = "http://www.cgal.org/Manual/3.3/doc_html/cgal_manual/packages.html#Pkg:SurfaceParameterization"
, year =        2007
}



@incollection{cgal:n-rstd-07
, author =  "Gabriele Neyer"
, title =   "dD Range and Segment Trees"
, editor =  "CGAL Editorial Board"
, edition =     "3.3"
, booktitle =   "CGAL User and Reference Manual"
, url = "http://www.cgal.org/Manual/3.3/doc_html/cgal_manual/packages.html#Pkg:RangeSegmentTreesD"
, year =        2007
}

@incollection{cgal:f-isl-07
, author =  "Andreas Fabri"
, title =   "Interval Skip List"
, editor =  "CGAL Editorial Board"
, edition =     "3.3"
, booktitle =   "CGAL User and Reference Manual"
, url = "http://www.cgal.org/Manual/3.3/doc_html/cgal_manual/packages.html#Pkg:IntervalSkipList"
, year =        2007
}

@incollection{cgal:tf-ssd-07
, author =  "Hans Tangelder and Andreas Fabri"
, title =   "dD Spatial Searching"
, editor =  "CGAL Editorial Board"
, edition =     "3.3"
, booktitle =   "CGAL User and Reference Manual"
, url = "http://www.cgal.org/Manual/3.3/doc_html/cgal_manual/packages.html#Pkg:SpatialSearchingD"
, year =        2007
}

@incollection{cgal:kmz-isiobd-07
, author =  "Lutz Kettner and Andreas Meyer and Afra Zomorodian"
, title =   "Intersecting Sequences of dD Iso-oriented Boxes"
, editor =  "CGAL Editorial Board"
, edition =     "3.3"
, booktitle =   "CGAL User and Reference Manual"
, url = "http://www.cgal.org/Manual/3.3/doc_html/cgal_manual/packages.html#Pkg:BoxIntersectionD"
, year =        2007
}


@incollection{cgal:fghhs-bv-07
, author =  "Kaspar Fischer and Bernd G{\"a}rtner and Thomas Herrmann and Michael Hoffmann and Sven Sch{\"o}nherr"
, title =   "Bounding Volumes"
, editor =  "CGAL Editorial Board"
, edition =     "3.3"
, booktitle =   "CGAL User and Reference Manual"
, url = "http://www.cgal.org/Manual/3.3/doc_html/cgal_manual/packages.html#Pkg:BoundedVolumes"
, year =        2007
}

@incollection{cgal:hp-ia-07
, author =  "Michael Hoffmann and Eli Packer"
, title =   "Inscribed Areas"
, editor =  "CGAL Editorial Board"
, edition =     "3.3"
, booktitle =   "CGAL User and Reference Manual"
, url = "http://www.cgal.org/Manual/3.3/doc_html/cgal_manual/packages.html#Pkg:InscribedAreas"
, year =        2007
}

@incollection{cgal:fghhs-od-07
, author =  "Kaspar Fischer and Bernd G{\"a}rtner and Thomas Herrmann and Michael Hoffmann
                and Sven Sch{\"o}nherr"
, title =   "Optimal Distances"
, editor =  "CGAL Editorial Board"
, edition =     "3.3"
, booktitle =   "CGAL User and Reference Manual"
, url = "http://www.cgal.org/Manual/3.3/doc_html/cgal_manual/packages.html#Pkg:OptimalDistances"
, year =        2007
}

@incollection{cgal:f-i-07
, author =  "Julia Fl{\"o}totto"
, title =   "Interpolation"
, editor =  "CGAL Editorial Board"
, edition =     "3.3"
, booktitle =   "CGAL User and Reference Manual"
, url = "http://www.cgal.org/Manual/3.3/doc_html/cgal_manual/packages.html#Pkg:Interpolation2"
, year =        2007
}


@incollection{cgal:ap-pcad-07
, author =  "Pierre Alliez and Sylvain Pion"
, title =   "dD Principal Component Analysis"
, editor =  "CGAL Editorial Board"
, edition =     "3.3"
, booktitle =   "CGAL User and Reference Manual"
, url = "http://www.cgal.org/Manual/3.3/doc_html/cgal_manual/packages.html#Pkg:PrincipalComponentAnalysisD"
, year =        2007
}

@incollection{cgal:m-ps-07
, author =  "Abdelkrim Mebarki"
, title =   "2D Placement of Streamlines"
, editor =  "CGAL Editorial Board"
, edition =     "3.3"
, booktitle =   "CGAL User and Reference Manual"
, url = "http://www.cgal.org/Manual/3.3/doc_html/cgal_manual/packages.html#Pkg:PlacementOfStreamlines2"
, year =        2007
}

@incollection{cgal:cp-arutsm-07
, author =  "Fr\'ed\'eric Cazals \and Marc Pouget"
, title =   "Approximation of Ridges and Umbilics on Triangulated Surface Meshes"
, editor =  "CGAL Editorial Board"
, edition =     "3.3"
, booktitle =   "CGAL User and Reference Manual"
, url = "http://www.cgal.org/Manual/3.3/doc_html/cgal_manual/packages.html#Pkg:Ridges_3"
, year =        2007
}

@incollection{cgal:cp-eldp-07
, author =  "Fr\'ed\'eric Cazals \and Marc Pouget"
, title =   "Estimation of Local Differential Properties"
, editor =  "CGAL Editorial Board"
, edition =     "3.3"
, booktitle =   "CGAL User and Reference Manual"
, url = "http://www.cgal.org/Manual/3.3/doc_html/cgal_manual/packages.html#Pkg:Jet_fitting_3"
, year =        2007
}


@incollection{cgal:f-kds-07
, author =  "Daniel Russel"
, title =   "Kinetic Data Structures"
, editor =  "CGAL Editorial Board"
, edition =     "3.3"
, booktitle =   "CGAL User and Reference Manual"
, url = "http://www.cgal.org/Manual/3.3/doc_html/cgal_manual/packages.html#Pkg:Kds"
, year =        2007
}

@incollection{cgal:f-kdsf-07
, author =  "Daniel Russel"
, title =   "Kinetic Data Structures Framework"
, editor =  "CGAL Editorial Board"
, edition =     "3.3"
, booktitle =   "CGAL User and Reference Manual"
, url = "http://www.cgal.org/Manual/3.3/doc_html/cgal_manual/packages.html#Pkg:KdsFramework"
, year =        2007
}

@incollection{cgal:cfw-cbgl-07
, author =  "Fernando Cacciola and Andreas Fabri and Ron Wein"
, title =   "CGAL and the Boost Graph Library"
, editor =  "CGAL Editorial Board"
, edition =     "3.3"
, booktitle =   "CGAL User and Reference Manual"
, url = "http://www.cgal.org/Manual/3.3/doc_html/cgal_manual/packages.html#Pkg:BGL"
, year =        2007
}

@incollection{cgal:d-ss-07
, author =  "Christophe Delage"
, title =   "Spatial Sorting"
, editor =  "CGAL Editorial Board"
, edition =     "3.3"
, booktitle =   "CGAL User and Reference Manual"
, url = "http://www.cgal.org/Manual/3.3/doc_html/cgal_manual/packages.html#Pkg:SpatialSorting"
, year =        2007
}

@incollection{cgal:h-msms-07
, author =  "Michael Hoffmann"
, title =   "Monotone and Sorted Matrix Search"
, editor =  "CGAL Editorial Board"
, edition =     "3.3"
, booktitle =   "CGAL User and Reference Manual"
, url = "http://www.cgal.org/Manual/3.3/doc_html/cgal_manual/packages.html#Pkg:MatrixSearch"
, year =        2007
}
