% ----------------------------------------------------------------------------
@book{cgal:warren-subdivision-02
  ,author = "Joe Warren and Henrik Weimer"
  ,title = "Subdivision Methods for Geometric Design"
  ,address = "New York"
  ,publisher = "Morgan Kaufmann Publishers"
  ,year = "2002"
}

@article{cgal:cc-sub-78
  ,author = {E.~Catmull and J.~Clark}
  ,title = {Recursively generated {B}-spline surfaces 
            on arbitrary topological meshes}
  ,journal = {Computer Aided Design}
  ,year = {1978}
  ,volume = {10}
  ,pages = {350--355}
}

@InProceedings{cgal:shiue-mreo-05
  ,title = {Mesh Refinement based on Euler Encoding}
  ,author = {Le-Jeng Shiue and J{\"o}rg Peters}
  ,pages = {343--348}
  ,year = {2005}
  ,booktitle = {Proceedings of the International Conference on 
                Shape Modeling and Applications 2005}
}

@InProceedings{cgal:shiue-sesub-05
  ,title = {A Mesh Refinement Library based on Generic Design}
  ,author = {Le-Jeng Shiue and J{\"o}rg Peters}
  ,pages = {1-104--1-108}
  ,year = {2005}
  ,booktitle = {Proceedings of the 43rd ACM Southeast Conference}
}
